@article{Adorini2005,
author = {Adorini, Luciano},
year = {2005},
title = {Intervention in autoimmunity: the potential of vitamin D receptor agonists.},
journal = {Cellular immunology},
volume = {233},
number = {2},
pages = {115--24},
doi = {10.1016/j.cellimm.2005.04.013}
}
@article{Alexa2006,
author = {Alexa, Adrian and Rahnenf{\"{u}}hrer, J{\"{o}}rg and Lengauer, Thomas},
year = {2006},
title = {Improved scoring of functional groups from gene expression data by decorrelating GO graph structure.},
journal = {Bioinformatics (Oxford, England)},
volume = {22},
number = {13},
pages = {1600--7},
doi = {10.1093/bioinformatics/btl140}
}
@article{Alonso2011,
author = {Alonso, Henar and Aguilo, Juan Ignacio and Samper, Sof{\'{i}}a and Caminero, Jose Antonio and Campos-Herrero, Mar{\'{i}}a Isolina and Gicquel, Brigitte and Brosch, Roland and Mart{\'{i}}n, Carlos and Otal, Isabel},
year = {2011},
title = {Deciphering the role of IS6110 in a highly transmissible Mycobacterium tuberculosis Beijing strain, GC1237.},
journal = {Tuberculosis (Edinburgh, Scotland)},
volume = {91},
number = {2},
pages = {117--26},
doi = {10.1016/j.tube.2010.12.007}
}
@article{Amit2009,
author = {Amit, Ido and Garber, Manuel and Chevrier, Nicolas and Leite, Ana Paula and Donner, Yoni and Eisenhaure, Thomas and Guttman, Mitchell and Grenier, Jennifer K and Li, Weibo and Zuk, Or and Schubert, Lisa a and Birditt, Brian and Shay, Tal and Goren, Alon and Zhang, Xiaolan and Smith, Zachary and Deering, Raquel and McDonald, Rebecca C and Cabili, Moran and Bernstein, Bradley E and Rinn, John L and Meissner, Alex and Root, David E and Hacohen, Nir and Regev, Aviv},
year = {2009},
title = {Unbiased reconstruction of a mammalian transcriptional network mediating pathogen responses.},
journal = {Science (New York, N.Y.)},
volume = {326},
number = {5950},
pages = {257--63},
doi = {10.1126/science.1179050}
}
@article{Auer2010,
author = {Auer, Paul L and Doerge, R W},
year = {2010},
title = {Statistical design and analysis of RNA sequencing data.},
journal = {Genetics},
volume = {185},
number = {2},
pages = {405--16},
doi = {10.1534/genetics.110.114983}
}
@article{Azad2012,
author = {Azad, Abul K. and Sadee, Wolfgang and Schlesinger, Larry S.},
year = {2012},
title = {Innate immune gene polymorphisms in tuberculosis.},
journal = {Infection and immunity},
volume = {80},
number = {10},
pages = {3343--59},
doi = {10.1128/IAI.00443-12}
}
@article{Babior2004,
author = {Babior, Bernard M.},
year = {2004},
title = {NADPH oxidase.},
journal = {Current opinion in immunology},
volume = {16},
number = {1},
pages = {42--7},
doi = {10.1016/j.coi.2003.12.001}
}
@article{Barreiro2012,
author = {Barreiro, Luis B and Tailleux, Ludovic and Pai, Athma A and Gicquel, Brigitte and Marioni, John C and Gilad, Yoav},
year = {2012},
title = {Deciphering the genetic architecture of variation in the immune response to {M}ycobacterium tuberculosis infection.},
journal = {Proceedings of the National Academy of Sciences of the United States of America},
volume = {109},
number = {4},
pages = {1204--9},
doi = {10.1073/pnas.1115761109}
}
@article{Behr1999,
author = {Behr, M a and Wilson, M a and Gill, W P and Salamon, H and Schoolnik, G K and Rane, S and Small, P M},
year = {1999},
title = {Comparative genomics of BCG vaccines by whole-genome DNA microarray.},
journal = {Science (New York, N.Y.)},
volume = {284},
number = {5419},
pages = {1520--3},
doi = {10.1126/science.284.5419.1520}
}
@article{Benjamini1995,
author = {Benjamini, Yoav and Hochberg, Yosef},
year = {1995},
title = {Controlling the False Discovery Rate: A Practical and Powerful Approach to Multiple Testing},
journal = {Journal of the Royal Statistical Society. Series B (Methodological)},
volume = {57},
number = {1},
pages = {pp. 289--300},
doi = {}
}
@article{Berry2010,
author = {Berry, Matthew P R and Graham, Christine M and McNab, Finlay W and Xu, Zhaohui and Bloch, Susannah a a and Oni, Tolu and Wilkinson, Katalin A and Banchereau, Romain and Skinner, Jason and Wilkinson, Robert J and Quinn, Charles and Blankenship, Derek and Dhawan, Ranju and Cush, John J and Mejias, Asuncion and Ramilo, Octavio and Kon, Onn M and Pascual, Virginia and Banchereau, Jacques and Chaussabel, Damien and O'Garra, Anne},
year = {2010},
title = {An interferon-inducible neutrophil-driven blood transcriptional signature in human tuberculosis.},
journal = {Nature},
volume = {466},
number = {7309},
pages = {973--7},
doi = {10.1038/nature09247}
}
@article{Blake2003,
author = {Blake, W. J. and M, K. AErn and Cantor, C. R. and Collins, J. J.},
year = {2003},
title = {Noise in eukaryotic gene expression},
journal = {Nature},
volume = {422},
number = {6932},
pages = {633-7},
doi = {10.1038/nature01546}
}
@article{Blankley2014,
author = {Blankley, Simon and Berry, Matthew Paul Reddoch and Graham, Christine M and Bloom, Chloe I and Lipman, Marc and O'Garra, Anne},
year = {2014},
title = {The application of transcriptional blood signatures to enhance our understanding of the host response to infection: the example of tuberculosis.},
journal = {Philosophical transactions of the Royal Society of London. Series B, Biological sciences},
volume = {369},
number = {1645},
pages = {20130427},
doi = {10.1098/rstb.2013.0427}
}
@article{Blischak2015,
author = {Blischak, John D and Tailleux, Ludovic and Mitrano, Amy and Barreiro, Luis B and Gilad, Yoav},
year = {2015},
title = {Mycobacterial infection induces a specific human innate immune response.},
journal = {Scientific reports},
volume = {5},
number = {},
pages = {16882},
doi = {10.1038/srep16882}
}
@article{Boldrick2002,
author = {Boldrick, Jennifer C and Alizadeh, Ash a and Diehn, Maximilian and Dudoit, Sandrine and Liu, Chih Long and Belcher, Christopher E and Botstein, David and Staudt, Louis M and Brown, Patrick O and Relman, David a},
year = {2002},
title = {Stereotyped and specific gene expression programs in human innate immune responses to bacteria.},
journal = {Proceedings of the National Academy of Sciences of the United States of America},
volume = {99},
number = {2},
pages = {972--7},
doi = {10.1073/pnas.231625398}
}
@article{Borel2015,
author = {Borel, C. and Ferreira, P. G. and Santoni, F. and Delaneau, O.
and Fort, A. and Popadin, K. Y. and Garieri, M. and Falconnet, E. and Ribaux, P.
and Guipponi, M. and Padioleau, I. and Carninci, P. and Dermitzakis, E. T.
and Antonarakis, S. E.},
year = {2015},
title = {Biased allelic expression in human primary fibroblast single cells.},
journal = {American Journal of Human Genetics},
volume = {96},
number = {1},
pages = {70-80},
doi = {10.1016/j.ajhg.2014.12.001}
}
@article{Brennecke2013,
author = {Brennecke, P. and Anders, S. and Kim, J. K. and Kolodziejczyk, A. A. and Zhang, X. and Proserpio, V. and Baying, B. and Benes, V. and Teichmann, S. A. and Marioni, J. C. and Heisler, M. G.},
year = {2013},
title = {Accounting for technical noise in single-cell {RNA}-seq experiments},
journal = {Nat Methods},
volume = {10},
number = {11},
pages = {1093-5},
doi = {10.1038/nmeth.2645}
}
@article{Brodsky2009,
author = {Brodsky, Igor E and Medzhitov, Ruslan},
year = {2009},
title = {Targeting of immune signalling networks by bacterial pathogens.},
journal = {Nature cell biology},
volume = {11},
number = {5},
pages = {521--6},
doi = {10.1038/ncb0509-521}
}
@article{Bryant2014,
author = {Bryant, Penelope A. and Smyth, Gordon K. and Gooding, Travis and Oshlack, Alicia and Harrington, Zinta and Currie, Bart and Carapetis, Jonathan R. and Robins-Browne, Roy and Curtis, Nigel},
year = {2014},
title = {Susceptibility to acute rheumatic fever based on differential expression of genes involved in cytotoxicity, chemotaxis, and apoptosis.},
journal = {Infection and immunity},
volume = {82},
number = {2},
pages = {753--61},
doi = {10.1128/IAI.01152-13}
}
@article{Buettner2015,
author = {Buettner, Florian and Natarajan, Kedar N and Casale, F Paolo and Proserpio, Valentina and Scialdone, Antonio and Theis, Fabian J and Teichmann, Sarah A and Marioni, John C and Stegle, Oliver},
year = {2015},
title = {Computational analysis of cell-to-cell heterogeneity in single-cell {RNA}-sequencing data reveals hidden subpopulations of cells.},
journal = {Nature biotechnology},
volume = {33},
number = {2},
pages = {155--60},
doi = {10.1038/nbt.3102}
}
@article{Bustamante2011,
author = {Bustamante, Jacinta and Arias, Andres a and Vogt, Guillaume and Picard, Capucine and Galicia, Lizbeth Blancas and Prando, Carolina and Grant, Audrey V and Marchal, Christophe C and Hubeau, Marjorie and Chapgier, Ariane and de Beaucoudrey, Ludovic and Puel, Anne and Feinberg, Jacqueline and Valinetz, Ethan and Janni{\`{e}}re, Lucile and Besse, C{\'{e}}line and Boland, Anne and Brisseau, Jean-Marie and Blanche, St{\'{e}}phane and Lortholary, Olivier and Fieschi, Claire and Emile, Jean-Fran{\c{c}}ois and Boisson-Dupuis, St{\'{e}}phanie and Al-Muhsen, Saleh and Woda, Bruce and Newburger, Peter E and Condino-Neto, Antonio and Dinauer, Mary C and Abel, Laurent and Casanova, Jean-Laurent},
year = {2011},
title = {Germline CYBB mutations that selectively affect macrophages in kindreds with X-linked predisposition to tuberculous mycobacterial disease.},
journal = {Nature immunology},
volume = {12},
number = {3},
pages = {213--21},
doi = {10.1038/ni.1992}
}
@article{Casbon2011,
author = {Casbon, J. A. and Osborne, R. J. and Brenner, S. and Lichtenstein, C. P.},
year = {2011},
title = {A method for counting {PCR} template molecules with application to next-generation sequencing},
journal = {Nucleic Acids Res},
volume = {39},
number = {12},
pages = {e81},
doi = {10.1093/nar/gkr217}
}
@article{Castrejon-Jimenez2015,
author = {Castrej{\'{o}}n-Jim{\'{e}}nez, Nayeli Shantal and Leyva-Paredes, Kahiry and Hern{\'{a}}ndez-Gonz{\'{a}}lez, Juan Carlos and Luna-Herrera, Julieta and Garc{\'{i}}a-P{\'{e}}rez, Blanca Estela},
year = {2015},
title = {The role of autophagy in bacterial infections.},
journal = {Bioscience trends},
volume = {9},
number = {3},
pages = {149--59},
doi = {10.5582/bst.2015.01035}
}
@article{Chacon-Salinas2005,
author = {Chac{\'{o}}n-Salinas, R. and Seraf{\'{i}}n-L{\'{o}}pez, J. and Ramos-Pay{\'{a}}n, R. and M{\'{e}}ndez-Arag{\'{o}}n, P. and Hern{\'{a}}ndez-Pando, R. and {Van Soolingen}, D. and Flores-Romo, L. and Estrada-Parra, S. and Estrada-Garc{\'{i}}a, Iris},
year = {2005},
title = {Differential pattern of cytokine expression by macrophages infected in vitro with different Mycobacterium tuberculosis genotypes.},
journal = {Clinical and experimental immunology},
volume = {140},
number = {3},
pages = {443--9},
doi = {10.1111/j.1365-2249.2005.02797.x}
}
@article{Chen2010,
author = {Chen, Grace Y and Nu{\~{n}}ez, Gabriel},
year = {2010},
title = {Sterile inflammation: sensing and reacting to damage.},
journal = {Nature reviews. Immunology},
volume = {10},
number = {12},
pages = {826--37},
doi = {10.1038/nri2873}
}
@article{Chen2011,
author = {Chen, Guokai and Gulbranson, Daniel R and Hou, Zhonggang and Bolin, Jennifer M and Ruotti, Victor and Probasco, Mitchell D and Smuga-Otto, Kimberly and Howden, Sara E and Diol, Nicole R and Propson, Nicholas E and Wagner, Ryan and Lee, Garrett O and Antosiewicz-Bourget, Jessica and Teng, Joyce M C and Thomson, James a},
year = {2011},
title = {Chemically defined conditions for human iPSC derivation and culture.},
journal = {Nature methods},
volume = {8},
number = {5},
pages = {424--9},
doi = {10.1038/nmeth.1593}
}
@article{Chimusa2014,
author = {Chimusa, Emile R. and Zaitlen, Noah and Daya, Michelle and M{\"{o}}ller, Marlo and van Helden, Paul D and Mulder, Nicola J and Price, Alkes L. and Hoal, Eileen G.},
year = {2014},
title = {Genome-wide association study of ancestry-specific TB risk in the South African Coloured population.},
journal = {Human molecular genetics},
volume = {23},
number = {3},
pages = {796--809},
doi = {10.1093/hmg/ddt462}
}
@article{Chung2013,
author = {Chung, Y. and Rabe-Hesketh, S. and Dorie, V. and Gelman, A. and Liu, J.},
year = {2013},
title = {A non-degenerate estimator for hierarchical variance parameters via penalized likelihood estimation.},
journal = {Psychometrika},
volume = {78},
number = {4},
pages = {685--709},
doi = {10.1007/S11336-013-9328-2}
}
@article{Cobat2010,
author = {Cobat, Aurelie and Gallant, Caroline J and Simkin, Leah and Black, Gillian F and Stanley, Kim and Hughes, Jane and Doherty, T Mark and Hanekom, Willem a and Eley, Brian and Beyers, Nulda and Ja{\"{i}}s, Jean-Philippe and van Helden, Paul and Abel, Laurent and Hoal, Eileen G and Alca{\"{i}}s, Alexandre and Schurr, Erwin},
year = {2010},
title = {High heritability of antimycobacterial immunity in an area of hyperendemicity for tuberculosis disease.},
journal = {The Journal of infectious diseases},
volume = {201},
number = {1},
pages = {15--9},
doi = {10.1086/648611}
}
@article{Collins2015,
author = {Collins, Angela C. and Cai, Haocheng and Li, Tuo and Franco, Luis H. and Li, Xiao-Dong and Nair, Vidhya R. and Scharn, Caitlyn R. and Stamm, Chelsea E. and Levine, Beth and Chen, Zhijian J. and Shiloh, Michael U.},
year = {2015},
title = {Cyclic GMP-AMP Synthase Is an Innate Immune DNA Sensor for Mycobacterium tuberculosis.},
journal = {Cell host {\&} microbe},
volume = {17},
number = {6},
pages = {820--8},
doi = {10.1016/j.chom.2015.05.005}
}
@article{Comas2009,
author = {Comas, I{\~{n}}aki and Gagneux, Sebastien},
year = {2009},
title = {The past and future of tuberculosis research.},
journal = {PLoS pathogens},
volume = {5},
number = {10},
pages = {e1000600},
doi = {10.1371/journal.ppat.1000600}
}
@article{Comstock1978,
author = {Comstock, G W},
year = {1978},
title = {Tuberculosis in twins: a re-analysis of the {P}rophit survey.},
journal = {The American review of respiratory disease},
volume = {117},
number = {4},
pages = {621--4},
doi = {10.1164/arrd.1978.117.4.621}
}
@article{Coscolla2010,
author = {Coscolla, Mireilla and Gagneux, Sebastien},
year = {2010},
title = {Does M. tuberculosis genomic diversity explain disease diversity?},
journal = {Drug discovery today. Disease mechanisms},
volume = {7},
number = {1},
pages = {e43--e59},
doi = {10.1016/j.ddmec.2010.09.004}
}
@article{Coussens2012,
author = {Coussens, Anna K. and Wilkinson, Robert J. and Hanifa, Yasmeen and Nikolayevskyy, Vladyslav and Elkington, Paul T. and Islam, Kamrul and Timms, Peter M. and Venton, Timothy R. and Bothamley, Graham H. and Packe, Geoffrey E. and Darmalingam, Mathina and Davidson, Robert N. and Milburn, Heather J. and Baker, Lucy V. and Barker, Richard D. and Mein, Charles a. and Bhaw-Rosun, Leena and Nuamah, Rosamond and Young, Douglas B. and Drobniewski, Francis a. and Griffiths, Christopher J. and Martineau, Adrian R.},
year = {2012},
title = {Vitamin D accelerates resolution of inflammatory responses during tuberculosis treatment.},
journal = {Proceedings of the National Academy of Sciences of the United States of America},
volume = {109},
number = {38},
pages = {15449--54},
doi = {10.1073/pnas.1200072109}
}
@article{Crespo2013,
author = {Crespo, H{\'{e}}lio J. and Lau, Joseph T Y and Videira, Paula a.},
year = {2013},
title = {Dendritic cells: a spot on sialic Acid.},
journal = {Frontiers in immunology},
volume = {4},
number = {December},
pages = {491},
doi = {10.3389/fimmu.2013.00491}
}
@article{Curtis2015,
author = {Curtis, James and Luo, Yang and Zenner, Helen L and Cuchet-Louren{\c{c}}o, Delphine and Wu, Changxin and Lo, Kitty and Maes, Mailis and Alisaac, Ali and Stebbings, Emma and Liu, Jimmy Z and Kopanitsa, Liliya and Ignatyeva, Olga and Balabanova, Yanina and Nikolayevskyy, Vladyslav and Baessmann, Ingelore and Thye, Thorsten and Meyer, Christian G and N{\"{u}}rnberg, Peter and Horstmann, Rolf D and Drobniewski, Francis and Plagnol, Vincent and Barrett, Jeffrey C and Nejentsev, Sergey},
year = {2015},
title = {Susceptibility to tuberculosis is associated with variants in the ASAP1 gene encoding a regulator of dendritic cell migration.},
journal = {Nature genetics},
volume = {47},
number = {5},
pages = {523--7},
doi = {10.1038/ng.3248}
}
@article{Deffert2014,
author = {Deffert, Christine and Cachat, Julien and Krause, Karl-Heinz},
year = {2014},
title = {Phagocyte NADPH oxidase, chronic granulomatous disease and mycobacterial infections.},
journal = {Cellular microbiology},
volume = {16},
number = {8},
pages = {1168--78},
doi = {10.1111/cmi.12322}
}
@article{Deffert2014a,
author = {Deffert, Christine and Sch{\"{a}}ppi, Michela G and Pache, Jean-claude and Cachat, Julien and Vesin, Dominique and Bisig, Ruth and {Ma Mulone}, Xiaojuan and Kelkka, Tiina and Holmdahl, Rikard and Garcia, Irene and Olleros, Maria L and Krause, Karl-heinz},
year = {2014},
title = {Bacillus calmette-guerin infection in NADPH oxidase deficiency: defective mycobacterial sequestration and granuloma formation.},
journal = {PLoS pathogens},
volume = {10},
number = {9},
pages = {e1004325},
doi = {10.1371/journal.ppat.1004325}
}
@article{Deretic2014,
author = {Deretic, Vojo},
year = {2014},
title = {Autophagy in Tuberculosis},
journal = {Cold Spring Harbor Perspectives in Medicine},
volume = {4},
number = {11},
pages = {53--67},
doi = {10.1101/cshperspect.a018481}
}
@article{Dey2015,
author = {Dey, Bappaditya and Dey, Ruchi Jain and Cheung, Laurene S and Pokkali, Supriya and Guo, Haidan and Lee, Jong-Hee and Bishai, William R},
year = {2015},
title = {A bacterial cyclic dinucleotide activates the cytosolic surveillance pathway and mediates innate resistance to tuberculosis.},
journal = {Nature medicine},
volume = {21},
number = {4},
pages = {401--6},
doi = {10.1038/nm.3813}
}
@article{Diacovich2010,
author = {Diacovich, Lautaro and Gorvel, Jean-Pierre},
year = {2010},
title = {Bacterial manipulation of innate immunity to promote infection.},
journal = {Nature reviews. Microbiology},
volume = {8},
number = {2},
pages = {117--28},
doi = {10.1038/nrmicro2295}
}
@article{Ding2015,
author = {Ding, B. and Zheng, L. and Zhu, Y. and Li, N. and Jia, H. and Ai, R. and Wildberg, A. and Wang, W.},
year = {2015},
title = {Normalization and noise reduction for single cell {RNA}-seq experiments},
journal = {Bioinformatics},
volume = {31},
number = {13},
pages = {2225-7},
doi = {10.1093/bioinformatics/btv122}
}
@article{Dormans2004,
author = {Dormans, J. and Burger, M. and Aguilar, D. and Hernandez-Pando, R. and Kremer, K. and Roholl, P. and Arend, S. M. and van Soolingen, D},
year = {2004},
title = {Correlation of virulence, lung pathology, bacterial load and delayed type hypersensitivity responses after infection with different Mycobacterium tuberculosis genotypes in a BALB/c mouse model.},
journal = {Clinical and experimental immunology},
volume = {137},
number = {3},
pages = {460--8},
doi = {10.1111/j.1365-2249.2004.02551.x}
}
@article{Drissen2016,
author = {Drissen, R. and Buza-Vidas, N. and Woll, P. and Thongjuea, S. and Gambardella, A. and Giustacchini, A. and Mancini, E. and Zriwil, A. and Lutteropp, M. and Grover, A. and Mead, A. and Sitnicka, E. and Jacobsen, S. E. and Nerlov, C.},
year = {2016},
title = {Distinct myeloid progenitor-differentiation pathways identified through single-cell {RNA} sequencing},
journal = {Nat Immunol},
volume = {},
number = {},
pages = {},
doi = {10.1038/ni.3412}
}
@article{Durinck2005,
author = {Durinck, Steffen and Moreau, Yves and Kasprzyk, Arek and Davis, Sean and {De Moor}, Bart and Brazma, Alvis and Huber, Wolfgang},
year = {2005},
title = {BioMart and Bioconductor: a powerful link between biological databases and microarray data analysis.},
journal = {Bioinformatics (Oxford, England)},
volume = {21},
number = {16},
pages = {3439--40},
doi = {10.1093/bioinformatics/bti525}
}
@article{Durinck2009,
author = {Durinck, Steffen and Spellman, Paul T and Birney, Ewan and Huber, Wolfgang},
year = {2009},
title = {Mapping identifiers for the integration of genomic datasets with the R/Bioconductor package biomaRt.},
journal = {Nature protocols},
volume = {4},
number = {8},
pages = {1184--91},
doi = {10.1038/nprot.2009.97}
}
@article{Edgar2002,
author = {Edgar, Ron and Domrachev, Michael and Lash, Alex E},
year = {2002},
title = {{Gene Expression Omnibus: NCBI} gene expression and hybridization array data repository.},
journal = {Nucleic acids research},
volume = {30},
number = {1},
pages = {207--10},
doi = {10.1093/nar/30.1.207}
}
@article{Ehrt2001,
author = {Ehrt, S and Schnappinger, D and Bekiranov, S and Drenkow, J and Shi, S and Gingeras, T R and Gaasterland, T and Schoolnik, G and Nathan, C},
year = {2001},
title = {Reprogramming of the macrophage transcriptome in response to interferon-gamma and Mycobacterium tuberculosis: signaling roles of nitric oxide synthase-2 and phagocyte oxidase.},
journal = {The Journal of experimental medicine},
volume = {194},
number = {8},
pages = {1123--40},
doi = {10.1084/jem.194.8.1123}
}
@article{Ewels2016,
author = {Ewels, Philip and Magnusson, M{\aa}ns and Lundin, Sverker and K{\"{a}}ller, Max},
year = {2016},
title = {{MultiQC}: summarize analysis results for multiple tools and samples in a single report.},
journal = {Bioinformatics (Oxford, England)},
volume = {},
number = {June},
pages = {btw354},
doi = {10.1093/bioinformatics/btw354}
}
@article{Fehrmann2013,
author = {Fehrmann, S. and Bottin-Duplus, H. and Leonidou, A. and Mollereau, E. and Barthelaix, A. and Wei, W. and Steinmetz, L. M. and Yvert, G.},
year = {2013},
title = {Natural sequence variants of yeast environmental sensors confer cell-to-cell expression variability},
journal = {Mol Syst Biol},
volume = {9},
number = {1},
pages = {695},
doi = {10.1038/msb.2013.53}
}
@article{Finak2015,
author = {Finak, Greg and McDavid, Andrew and Yajima, Masanao and Deng, Jingyuan and Gersuk, Vivian and Shalek, Alex K. and Slichter, Chloe K. and Miller, Hannah W. and MCElrath, M. Juliana and Prlic, Martin and Linsley, Peter S.},
year = {2015},
title = {MAST: a flexible statistical framework for assessing transcriptional changes and characterizing heterogeneity in single-cell RNA sequencing data.},
journal = {Genome Biology},
volume = {16},
number = {278},
pages = {1-13},
doi = {10.1186/s13059-015-0844-5}
}
@article{Flynn1992,
author = {Flynn, J L and Goldstein, M M and Triebold, K J and Koller, B and Bloom, B R},
year = {1992},
title = {Major histocompatibility complex class {I}-restricted {T} cells are required for resistance to {M}ycobacterium tuberculosis infection.},
journal = {Proceedings of the National Academy of Sciences of the United States of America},
volume = {89},
number = {24},
pages = {12013--7},
doi = {10.1073/pnas.89.24.12013}
}
@article{Friedman2010,
author = {Friedman, Jerome and Hastie, Trevor and Tibshirani, Robert},
year = {2010},
title = {Regularization Paths for Generalized Linear Models via Coordinate Descent},
journal = {Journal of Statistical Software},
volume = {33},
number = {1},
pages = {2008--2010},
doi = {10.18637/jss.v033.i01}
}
@article{Fu2011,
author = {Fu, G. K. and Hu, J. and Wang, P. H. and Fodor, S. P.},
year = {2011},
title = {Counting individual DNA molecules by the stochastic attachment of diverse labels},
journal = {Proc Natl Acad Sci U S A},
volume = {108},
number = {22},
pages = {9026-31},
doi = {10.1073/pnas.1017621108}
}
@article{Fumagalli2014,
author = {Fumagalli, Matteo and Sironi, Manuela},
year = {2014},
title = {Human genome variability, natural selection and infectious diseases.},
journal = {Current opinion in immunology},
volume = {30},
number = {},
pages = {9--16},
doi = {10.1016/j.coi.2014.05.001}
}
@article{GO2015,
author = {{The Gene Ontology Consortium}},
year = {2015},
title = {Gene Ontology Consortium: going forward.},
journal = {Nucleic Acids Research},
volume = {43},
number = {Database issue},
pages = {D1049-1056},
doi = {10.1093/nar/gku1179}
}
@article{Gagneux2006,
author = {Gagneux, Sebastien and DeRiemer, Kathryn and Van, Tran and Kato-Maeda, Midori and de Jong, Bouke C and Narayanan, Sujatha and Nicol, Mark and Niemann, Stefan and Kremer, Kristin and Gutierrez, M Cristina and Hilty, Markus and Hopewell, Philip C and Small, Peter M},
year = {2006},
title = {Variable host-pathogen compatibility in Mycobacterium tuberculosis.},
journal = {Proceedings of the National Academy of Sciences of the United States of America},
volume = {103},
number = {8},
pages = {2869--73},
doi = {10.1073/pnas.0511240103}
}
@article{Giacomini2001,
author = {Giacomini, E and Iona, E and Ferroni, L and Miettinen, M and Fattorini, L and Orefici, G and Julkunen, I and Coccia, E M},
year = {2001},
title = {Infection of human macrophages and dendritic cells with Mycobacterium tuberculosis induces a differential cytokine gene expression that modulates T cell response.},
journal = {Journal of immunology (Baltimore, Md. : 1950)},
volume = {166},
number = {12},
pages = {7033--41},
doi = {}
}
@article{Glaziou2015,
author = {Glaziou, Philippe and Sismanidis, Charalambos and Floyd, Katherine and Raviglione, Mario},
year = {2015},
title = {Global epidemiology of tuberculosis.},
journal = {Cold Spring Harbor perspectives in medicine},
volume = {5},
number = {2},
pages = {445--461},
doi = {10.1101/cshperspect.a017798}
}
@article{Grotzke2009,
author = {Grotzke, Jeff E. and Harriff, Melanie J. and Siler, Anne C. and Nolt, Dawn and Delepine, Jacob and Lewinsohn, Deborah A and Lewinsohn, David M.},
year = {2009},
title = {The {M}ycobacterium tuberculosis phagosome is a {HLA-I} processing competent organelle.},
journal = {PLoS pathogens},
volume = {5},
number = {4},
pages = {e1000374},
doi = {10.1371/journal.ppat.1000374}
}
@article{Grotzke2010,
author = {Grotzke, Jeff E and Siler, Anne C and Lewinsohn, Deborah A and Lewinsohn, David M},
year = {2010},
title = {Secreted immunodominant {M}ycobacterium tuberculosis antigens are processed by the cytosolic pathway.},
journal = {Journal of immunology (Baltimore, Md. : 1950)},
volume = {185},
number = {7},
pages = {4336--43},
doi = {10.4049/jimmunol.1000801}
}
@article{Grun2014,
author = {Grün, D. and Kester, L. and van Oudenaarden, A.},
year = {2014},
title = {Validation of noise models for single-cell transcriptomics},
journal = {Nat Methods},
volume = {11},
number = {6},
pages = {637-40},
doi = {10.1038/nmeth.2930}
}
@article{Grun2015,
author = {Grün, D., and van Oudenaarden, A.},
year = {2015},
title = {Design and analysis of single-cell sequencing experiments.},
journal = {Cell},
volume = {163},
number = {4},
pages = {799-810},
doi = {10.1016/j.cell.2015.10.039}
}
@article{Gysemans2005,
author = {Gysemans, Conny a. and Cardozo, Alessandra K. and Callewaert, Hanne and Giulietti, Annapaula and Hulshagen, Leen and Bouillon, Roger and Eizirik, D{\'{e}}cio L. and Mathieu, Chantal},
year = {2005},
title = {1,25-Dihydroxyvitamin D3 modulates expression of chemokines and cytokines in pancreatic islets: implications for prevention of diabetes in nonobese diabetic mice.},
journal = {Endocrinology},
volume = {146},
number = {4},
pages = {1956--64},
doi = {10.1210/en.2004-1322}
}
@article{Handel2016,
author = {Handel, A. E. and Chintawar, S. and Lalic, T. and Whiteley, E. and Vowles, J. and Giustacchini, A. and Argoud, K. and Sopp, P. and Nakanishi, M. and Bowden, R. and Cowley, S. and Newey, S. and Akerman, C. and Ponting, C. P. and Cader, M. Z.},
year = {2016},
title = {Assessing similarity to primary tissue and cortical layer identity in induced pluripotent stem cell-derived cortical neurons through single-cell transcriptomics},
journal = {Hum Mol Genet},
volume = {25},
number = {5},
pages = {989-1000},
doi = {10.1093/hmg/ddv637}
}
@article{HapMapConsortium2005,
author = {{The International Hapmap Consortium}},
year = {2005},
title = {A haplotype map of the human genome.},
journal = {Nature},
volume = {437},
number = {7063},
pages = {1299--320},
doi = {10.1038/nature04226}
}
@article{Hestvik2005,
author = {Hestvik, Anne Lise K and Hmama, Zakaria and Av-Gay, Yossef},
year = {2005},
title = {Mycobacterial manipulation of the host cell.},
journal = {FEMS microbiology reviews},
volume = {29},
number = {5},
pages = {1041--50},
doi = {10.1016/j.femsre.2005.04.013}
}
@article{Hett2008,
author = {Hett, Erik C and Rubin, Eric J},
year = {2008},
title = {Bacterial growth and cell division: a mycobacterial perspective.},
journal = {Microbiology and molecular biology reviews : MMBR},
volume = {72},
number = {1},
pages = {126--56, table of contents},
doi = {10.1128/MMBR.00028-07}
}
@article{Hewison2011,
author = {Hewison, Martin},
year = {2011},
title = {Antibacterial effects of vitamin D.},
journal = {Nature reviews. Endocrinology},
volume = {7},
number = {6},
pages = {337--45},
doi = {10.1038/nrendo.2010.226}
}
@article{Hicks2015,
author = {Hicks, Stephanie C and Teng, Mingxiang and Irizarry, Rafael A},
year = {2015},
title = {On the widespread and critical impact of systematic bias and batch effects in single-cell {RNA}-Seq data},
journal = {bioRxiv},
volume = {},
number = {},
pages = {},
doi = {10.1101/025528}
}
@article{Homolka2010,
author = {Homolka, Susanne and Niemann, Stefan and Russell, David G. and Rohde, Kyle H.},
year = {2010},
title = {Functional genetic diversity among Mycobacterium tuberculosis complex clinical isolates: delineation of conserved core and lineage-specific transcriptomes during intracellular survival.},
journal = {PLoS pathogens},
volume = {6},
number = {7},
pages = {e1000988},
doi = {10.1371/journal.ppat.1000988}
}
@article{Hopkins2005,
author = {Hopkins, Philip a. and Sriskandan, S.},
year = {2005},
title = {Mammalian Toll-like receptors: to immunity and beyond.},
journal = {Clinical and experimental immunology},
volume = {140},
number = {3},
pages = {395--407},
doi = {10.1111/j.1365-2249.2005.02801.x}
}
@article{Hornef2002,
author = {Hornef, Mathias W and Wick, Mary Jo and Rhen, Mikael and Normark, Staffan},
year = {2002},
title = {Bacterial strategies for overcoming host innate and adaptive immune responses.},
journal = {Nature immunology},
volume = {3},
number = {11},
pages = {1033--40},
doi = {10.1038/ni1102-1033}
}
@article{Hsu2003,
author = {Hsu, Tsungda and Hingley-Wilson, Suzanne M and Chen, Bing and Chen, Mei and Dai, Annie Z and Morin, Paul M and Marks, Carolyn B and Padiyar, Jeevan and Goulding, Celia and Gingery, Mari and Eisenberg, David and Russell, Robert G and Derrick, Steven C and Collins, Frank M and Morris, Sheldon L and King, C Harold and Jacobs, William R},
year = {2003},
title = {The primary mechanism of attenuation of bacillus Calmette-Guerin is a loss of secreted lytic function required for invasion of lung interstitial tissue.},
journal = {Proceedings of the National Academy of Sciences of the United States of America},
volume = {100},
number = {21},
pages = {12420--5},
doi = {10.1073/pnas.1635213100}
}
@article{Huang2001,
author = {Huang, Q and Liu, D and Majewski, P and Schulte, L C and Korn, J M and Young, R a and Lander, E S and Hacohen, N},
year = {2001},
title = {The plasticity of dendritic cell responses to pathogens and their components.},
journal = {Science (New York, N.Y.)},
volume = {294},
number = {5543},
pages = {870--5},
doi = {10.1126/science.294.5543.870}
}
@article{Huber2015,
author = {Huber, Wolfgang and Carey, Vincent J and Gentleman, Robert and Anders, Simon and Carlson, Marc and Carvalho, Benilton S and Bravo, Hector Corrada and Davis, Sean and Gatto, Laurent and Girke, Thomas and Gottardo, Raphael and Hahne, Florian and Hansen, Kasper D and Irizarry, Rafael a and Lawrence, Michael and Love, Michael I and MacDonald, James and Obenchain, Valerie and Ole{\'{s}}, Andrzej K and Pag{\`{e}}s, Herv{\'{e}} and Reyes, Alejandro and Shannon, Paul and Smyth, Gordon K and Tenenbaum, Dan and Waldron, Levi and Morgan, Martin},
year = {2015},
title = {Orchestrating high-throughput genomic analysis with Bioconductor.},
journal = {Nature methods},
volume = {12},
number = {2},
pages = {115--21},
doi = {10.1038/nmeth.3252}
}
@article{Ioerger2010,
author = {Ioerger, Thomas R. and Feng, Yicheng and Ganesula, Krishna and Chen, Xiaohua and Dobos, Karen M. and Fortune, Sarah and Jacobs, William R. and Mizrahi, Valerie and Parish, Tanya and Rubin, Eric and Sassetti, Chris and Sacchettini, James C.},
year = {2010},
title = {Variation among genome sequences of H37Rv strains of Mycobacterium tuberculosis from multiple laboratories.},
journal = {Journal of bacteriology},
volume = {192},
number = {14},
pages = {3645--53},
doi = {10.1128/JB.00166-10}
}
@article{Islam2011,
author = {Islam, S. and Kjallquist, U. and Moliner, A. and Zajac, P. and Fan, J. B. and Lonnerberg, P. and Linnarsson, S.},
year = {2011},
title = {Characterization of the single-cell transcriptional landscape by highly multiplex {RNA}-seq},
journal = {Genome Res},
volume = {21},
number = {7},
pages = {1160-7},
doi = {10.1101/gr.110882.110}
}
@article{Islam2012,
author = {Islam, S. and Kjallquist, U. and Moliner, A. and Zajac, P. and Fan, J. B. and Lonnerberg, P. and Linnarsson, S.},
year = {2012},
title = {Highly multiplexed and strand-specific single-cell {RNA} 5' end sequencing},
journal = {Nat Protoc},
volume = {7},
number = {5},
pages = {813-28},
doi = {10.1038/nprot.2012.022}
}
@article{Islam2014,
author = {Islam, Saiful and Zeisel, Amit and Joost, Simon and {La Manno}, Gioele and Zajac, Pawel and Kasper, Maria and L\"{o}nnerberg, Peter and Linnarsson, Sten},
year = {2014},
title = {Quantitative single-cell {RNA}-seq with unique molecular identifiers.},
journal = {Nature methods},
volume = {11},
number = {1},
pages = {163--6},
doi = {10.1038/nmeth.2772}
}
@article{Iwasaki2004,
author = {Iwasaki, Akiko and Medzhitov, Ruslan},
year = {2004},
title = {Toll-like receptor control of the adaptive immune responses.},
journal = {Nature immunology},
volume = {5},
number = {10},
pages = {987--95},
doi = {10.1038/ni1112}
}
@article{Jacobsen2011,
author = {Jacobsen, M. and Repsilber, D. and Kleinsteuber, K. and Gutschmidt, A. and Schommer-Leitner, S. and Black, G. and Walzl, G. and Kaufmann, S. H E},
year = {2011},
title = {Suppressor of cytokine signaling-3 is affected in T-cells from tuberculosisTB patients.},
journal = {Clinical microbiology and infection : the official publication of the European Society of Clinical Microbiology and Infectious Diseases},
volume = {17},
number = {9},
pages = {1323--31},
doi = {10.1111/j.1469-0691.2010.03326.x}
}
@article{Jaitin2014,
author = {Jaitin, D. A. and Kenigsberg, E. and Keren-Shaul, H. and Elefant, N. and Paul, F. and Zaretsky, I. and Mildner, A. and Cohen, N. and Jung, S. and Tanay, A. and Amit, I.},
year = {2014},
title = {Massively parallel single-cell {RNA}-seq for marker-free decomposition of tissues into cell types},
journal = {Science},
volume = {343},
number = {6172},
pages = {776-9},
doi = {10.1126/science.1247651}
}
@article{Janeway2002,
author = {Janeway, Charles a and Medzhitov, Ruslan},
year = {2002},
title = {Innate immune recognition.},
journal = {Annual review of immunology},
volume = {20},
number = {2},
pages = {197--216},
doi = {10.1146/annurev.immunol.20.083001.084359}
}
@article{Jayaswal2010,
author = {Jayaswal, Shilpi and Kamal, Md Azhar and Dua, Raina and Gupta, Shashank and Majumdar, Tanmay and Das, Gobardhan and Kumar, Dhiraj and Rao, Kanury V S},
year = {2010},
title = {Identification of host-dependent survival factors for intracellular Mycobacterium tuberculosis through an siRNA screen.},
journal = {PLoS pathogens},
volume = {6},
number = {4},
pages = {e1000839},
doi = {10.1371/journal.ppat.1000839}
}
@article{Jenner2005,
author = {Jenner, Richard G and Young, Richard a},
year = {2005},
title = {Insights into host responses against pathogens from transcriptional profiling.},
journal = {Nature reviews. Microbiology},
volume = {3},
number = {4},
pages = {281--94},
doi = {10.1038/nrmicro1126}
}
@article{Jiang2011,
author = {Jiang, L. and Schlesinger, F. and Davis, C. A. and Zhang, Y. and Li, R. and Salit, M. and Gingeras, T. R. and Oliver, B.},
year = {2011},
title = {Synthetic spike-in standards for {RNA}-seq experiments},
journal = {Genome Res},
volume = {21},
number = {9},
pages = {1543-51},
doi = {10.1101/gr.121095.111}
}
@article{Johnson2013,
author = {Johnson, Jenny L. and Jones, Mark B. and Ryan, Sean O. and Cobb, Brian a.},
year = {2013},
title = {The regulatory power of glycans and their binding partners in immunity.},
journal = {Trends in immunology},
volume = {34},
number = {6},
pages = {290--8},
doi = {10.1016/j.it.2013.01.006}
}
@article{Joshi2011,
author = {Joshi, NA and Fass, JN},
year = {2011},
title = {Sickle: A sliding-window, adaptive, quality-based trimming tool for FastQ files (Version 1.33) [Software]},
journal = {Available at https://github.com/najoshi/sickle},
volume = {},
number = {},
pages = {},
doi = {}
}
@article{Jostins2012,
author = {Jostins, Luke and Ripke, Stephan and Weersma, Rinse K and Duerr, Richard H and McGovern, Dermot P and Hui, Ken Y and Lee, James C and Schumm, L Philip and Sharma, Yashoda and Anderson, Carl A and Essers, Jonah and Mitrovic, Mitja and Ning, Kaida and Cleynen, Isabelle and Theatre, Emilie and Spain, Sarah L and Raychaudhuri, Soumya and Goyette, Philippe and Wei, Zhi and Abraham, Clara and Achkar, Jean-Paul and Ahmad, Tariq and Amininejad, Leila and Ananthakrishnan, Ashwin N and Andersen, Vibeke and Andrews, Jane M and Baidoo, Leonard and Balschun, Tobias and Bampton, Peter A and Bitton, Alain and Boucher, Gabrielle and Brand, Stephan and B{\"{u}}ning, Carsten and Cohain, Ariella and Cichon, Sven and D'Amato, Mauro and {De Jong}, Dirk and Devaney, Kathy L and Dubinsky, Marla and Edwards, Cathryn and Ellinghaus, David and Ferguson, Lynnette R and Franchimont, Denis and Fransen, Karin and Gearry, Richard and Georges, Michel and Gieger, Christian and Glas, J{\"{u}}rgen and Haritunians, Talin and Hart, Ailsa and Hawkey, Chris and Hedl, Matija and Hu, Xinli and Karlsen, Tom H and Kupcinskas, Limas and Kugathasan, Subra and Latiano, Anna and Laukens, Debby and Lawrance, Ian C and Lees, Charlie W and Louis, Edouard and Mahy, Gillian and Mansfield, John and Morgan, Angharad R and Mowat, Craig and Newman, William and Palmieri, Orazio and Ponsioen, Cyriel Y and Potocnik, Uros and Prescott, Natalie J and Regueiro, Miguel and Rotter, Jerome I and Russell, Richard K and Sanderson, Jeremy D and Sans, Miquel and Satsangi, Jack and Schreiber, Stefan and Simms, Lisa A and Sventoraityte, Jurgita and Targan, Stephan R and Taylor, Kent D and Tremelling, Mark and Verspaget, Hein W and {De Vos}, Martine and Wijmenga, Cisca and Wilson, David C and Winkelmann, Juliane and Xavier, Ramnik J and Zeissig, Sebastian and Zhang, Bin and Zhang, Clarence K and Zhao, Hongyu and {International IBD Genetics Consortium (IIBDGC)} and Silverberg, Mark S and Annese, Vito and Hakonarson, Hakon and Brant, Steven R and Radford-Smith, Graham and Mathew, Christopher G and Rioux, John D and Schadt, Eric E and Daly, Mark J and Franke, Andre and Parkes, Miles and Vermeire, Severine and Barrett, Jeffrey C and Cho, Judy H},
year = {2012},
title = {Host-microbe interactions have shaped the genetic architecture of inflammatory bowel disease.},
journal = {Nature},
volume = {491},
number = {7422},
pages = {119--24},
doi = {10.1038/nature11582}
}
@article{Jun2012,
author = {Jun, Goo and Flickinger, Matthew and Hetrick, Kurt N. and Romm, Jane M. and Doheny, Kimberly F. and Abecasis, Gon\c{c}alo R. and Boehnke, Michael and Kang, Hyun Min},
year = {2012},
title = {Detecting and estimating contamination of human DNA samples in sequencing and array-based genotype data.},
journal = {American journal of human genetics},
volume = {91},
number = {5},
pages = {839--48},
doi = {10.1016/j.ajhg.2012.09.004}
}
@article{Kallmann1943,
author = {Kallmann, Franz J and Reisner, David},
year = {1943},
title = {Twin studies on genetic variations in resistance to tuberculosis},
journal = {Journal of Heredity},
volume = {34},
number = {9},
pages = {269--276},
doi = {}
}
@article{Kamburov2011,
author = {Kamburov, A. and Pentchev, K. and Galicka, H. and Wierling, C. and Lehrach, H. and Herwig, R.},
year = {2011},
title = {ConsensusPathDB: toward a more complete picture of cell biology.},
journal = {Nucleic Acids Research},
volume = {39},
number = {Database issue},
pages = {D712-717},
doi = {10.1093/nar/gkq1156}
}
@article{Karatzoglou2004,
author = {Karatzoglou, Alexandros and Smola, Alex and Hornik, Kurt and Zeileis, Achim},
year = {2004},
title = {kernlab - An {S}4 Package for Kernel Methods in {R}},
journal = {Journal of Statistical Software},
volume = {11},
number = {9},
pages = {1--20},
doi = {10.18637/jss.v011.i09}
}
@article{Kariuki2016,
author = {Kariuki, Silvia N. and Blischak, John D. and Nakagome, Shigeki and Witonsky, David B. and {Di Rienzo}, Anna},
year = {2016},
title = {Patterns of Transcriptional Response to 1,25-Dihydroxyvitamin D3 and Bacterial Lipopolysaccharide in Primary Human Monocytes.},
journal = {G3 (Bethesda, Md.)},
volume = {6},
number = {5},
pages = {1345--55},
doi = {10.1534/g3.116.028712}
}
@article{Kawai2009,
author = {Kawai, Taro and Akira, Shizuo},
year = {2009},
title = {The roles of TLRs, RLRs and NLRs in pathogen recognition.},
journal = {International immunology},
volume = {21},
number = {4},
pages = {317--37},
doi = {10.1093/intimm/dxp017}
}
@article{Kearns2015,
author = {Kearns, Malcolm D and Alvarez, Jessica A and Seidel, Natan and Tangpricha, Vin},
year = {2015},
title = {Impact of vitamin D on infectious disease.},
journal = {The American journal of the medical sciences},
volume = {349},
number = {3},
pages = {245--62},
doi = {10.1097/MAJ.0000000000000360}
}
@article{Kim2011c,
author = {Kim, Bae-Hoon and Shenoy, Avinash R and Kumar, Pradeep and Das, Rituparna and Tiwari, Sangeeta and MacMicking, John D},
year = {2011},
title = {A family of IFN-$\gamma$-inducible 65-kD GTPases protects against bacterial infection.},
journal = {Science (New York, N.Y.)},
volume = {332},
number = {6030},
pages = {717--21},
doi = {10.1126/science.1201711}
}
@article{Kim2015,
author = {Kim, K. T. and Lee, H. W. and Lee, H. O. and Kim, S. C. and Seo, Y. J. and Chung, W. and Eum, H. H. and Nam, D. H. and Kim, J. and Joo, K. M. and Park, W. Y.},
year = {2015},
title = {Single-cell m{RNA} sequencing identifies subclonal heterogeneity in anti-cancer drug responses of lung adenocarcinoma cells},
journal = {Genome Biol},
volume = {16},
number = {1},
pages = {127},
doi = {10.1186/s13059-015-0692-3}
}
@article{Kivioja2011,
author = {Kivioja, T. and Vaharautio, A. and Karlsson, K. and Bonke, M. and Enge, M. and Linnarsson, S. and Taipale, J.},
year = {2012},
title = {Counting absolute numbers of molecules using unique molecular identifiers},
journal = {Nat Methods},
volume = {9},
number = {1},
pages = {72-4},
doi = {10.1038/nmeth.1778}
}
@article{Klein2015,
author = {Klein, A. M. and Mazutis, L. and Akartuna, I. and Tallapragada, N. and Veres, A. and Li, V. and Peshkin, L. and Weitz, D. A. and Kirschner, M. W.},
year = {2015},
title = {Droplet barcoding for single-cell transcriptomics applied to embryonic stem cells},
journal = {Cell},
volume = {161},
number = {5},
pages = {1187-201},
doi = {10.1016/j.cell.2015.04.044}
}
@article{Kolodziejczyk2015,
author = {Kolodziejczyk, A. A. and Kim, J. K. and Tsang, J. C. H. and Illicic, T. and Henriksson, J. and Natarajan, K. N. and Tuke, A. C. and Gao, X. and Bühler, M. and Liu, P. and Marioni, J. C.},
year = {2015},
title = {Single cell {RNA}-Sequencing of pluripotent states unlocks modular transcriptional variation.},
journal = {Cell Stem Cell},
volume = {17},
number = {4},
pages = {471-485},
doi = {10.1016/j.stem.2015.09.011}
}
@article{Koo2012,
author = {Koo, Mi-Sun and Subbian, Selvakumar and Kaplan, Gilla},
year = {2012},
title = {Strain specific transcriptional response in Mycobacterium tuberculosis infected macrophages.},
journal = {Cell communication and signaling : CCS},
volume = {10},
number = {1},
pages = {2},
doi = {10.1186/1478-811X-10-2}
}
@article{Koster2012,
author = {K{\"{o}}ster, Johannes and Rahmann, Sven},
year = {2012},
title = {Snakemake--a scalable bioinformatics workflow engine.},
journal = {Bioinformatics (Oxford, England)},
volume = {28},
number = {19},
pages = {2520--2},
doi = {10.1093/bioinformatics/bts480}
}
@article{Krishnan2011,
author = {Krishnan, Nitya and Malaga, Wladimir and Constant, Patricia and Caws, Maxine and Tran, Thi Hoang Chau and Salmons, Jenifer and Nguyen, Thi Ngoc Lan and Nguyen, Duc Bang and Daff{\'{e}}, Mamadou and Young, Douglas B and Robertson, Brian D and Guilhot, Christophe and Thwaites, Guy E},
year = {2011},
title = {Mycobacterium tuberculosis lineage influences innate immune response and virulence and is associated with distinct cell envelope lipid profiles.},
journal = {PloS one},
volume = {6},
number = {9},
pages = {e23870},
doi = {10.1371/journal.pone.0023870}
}
@article{Kuhn2008,
author = {Kuhn, Max},
year = {2008},
title = {Building Predictive Models in {R} Using the caret Package},
journal = {Journal of Statistical Software},
volume = {28},
number = {5},
pages = {1--26},
doi = {10.18637/jss.v028.i05}
}
@article{Law2014,
author = {Law, Charity W and Chen, Yunshun and Shi, Wei and Smyth, Gordon K},
year = {2014},
title = {voom: Precision weights unlock linear model analysis tools for {RNA}-seq read counts.},
journal = {Genome biology},
volume = {15},
number = {2},
pages = {R29},
doi = {10.1186/gb-2014-15-2-r29}
}
@article{Lawrence2013,
author = {Lawrence, Michael and Huber, Wolfgang and Pag{\`{e}}s, Herv{\'{e}} and Aboyoun, Patrick and Carlson, Marc and Gentleman, Robert and Morgan, Martin T. and Carey, Vincent J.},
year = {2013},
title = {Software for computing and annotating genomic ranges.},
journal = {PLoS computational biology},
volume = {9},
number = {8},
pages = {e1003118},
doi = {10.1371/journal.pcbi.1003118}
}
@article{Leng2015,
author = {Leng, Ning and Chu, Li-Fang and Barry, Chris and Li, Yuan and Choi, Jeea and Li, Xiaomao and Jiang, Peng and Stewart, Ron M and Thomson, James a and Kendziorski, Christina},
year = {2015},
title = {Oscope identifies oscillatory genes in unsynchronized single-cell {RNA}-seq experiments},
journal = {Nature Methods},
volume = {12},
number = {10},
pages = {947--950},
doi = {10.1038/nmeth.3549}
}
@article{Lestas2010,
author = {Lestas, I. and Vinnicombe, G. and Paulsson, J.},
year = {2010},
title = {Fundamental limits on the suppression of molecular fluctuations},
journal = {Nature},
volume = {467},
number = {7312},
pages = {174-8},
doi = {10.1038/nature09333}
}
@article{Li2002,
author = {Li, Qing and Whalen, Christopher C and Albert, Jeffrey M and Larkin, Rhonda and Zukowski, Lynn and Cave, M Donald and Silver, Richard F},
year = {2002},
title = {Differences in rate and variability of intracellular growth of a panel of Mycobacterium tuberculosis clinical isolates within a human monocyte model.},
journal = {Infection and immunity},
volume = {70},
number = {11},
pages = {6489--93},
doi = {10.1128/IAI.70.11.6489}
}
@article{Li2009,
author = {Li, Heng and Handsaker, Bob and Wysoker, Alec and Fennell, Tim and Ruan, Jue and Homer, Nils and Marth, Gabor and Abecasis, Goncalo and Durbin, Richard and {1000 Genome Project Data Processing Subgroup}},
year = {2009},
title = {The Sequence Alignment/Map format and SAMtools.},
journal = {Bioinformatics (Oxford, England)},
volume = {25},
number = {16},
pages = {2078--9},
doi = {10.1093/bioinformatics/btp352}
}
@article{Liao2013,
author = {Liao, Yang and Smyth, Gordon K and Shi, Wei},
year = {2013},
title = {The Subread aligner: fast, accurate and scalable read mapping by seed-and-vote.},
journal = {Nucleic acids research},
volume = {41},
number = {10},
pages = {e108},
doi = {10.1093/nar/gkt214}
}
@article{Liao2014,
author = {Liao, Yang and Smyth, Gordon K and Shi, Wei},
year = {2014},
title = {featureCounts: an efficient general purpose program for assigning sequence reads to genomic features.},
journal = {Bioinformatics (Oxford, England)},
volume = {30},
number = {7},
pages = {923--30},
doi = {10.1093/bioinformatics/btt656}
}
@article{Liaw2002,
author = {Liaw, Andy and Wiener, Matthew},
year = {2002},
title = {Classification and Regression by random{F}orest},
journal = {R News},
volume = {2},
number = {3},
pages = {18-22},
doi = {}
}
@article{LindestamArlehamn2014,
author = {{Lindestam Arlehamn}, Cecilia S and Lewinsohn, David and Sette, Alessandro and Lewinsohn, Deborah},
year = {2014},
title = {Antigens for {CD4} and {CD8} {T} cells in tuberculosis.},
journal = {Cold Spring Harbor perspectives in medicine},
volume = {4},
number = {7},
pages = {89--103},
doi = {10.1101/cshperspect.a018465}
}
@article{Liu2006,
author = {Liu, Philip T and Stenger, Steffen and Li, Huiying and Wenzel, Linda and Tan, Belinda H and Krutzik, Stephan R and Ochoa, Maria Teresa and Schauber, J{\"{u}}rgen and Wu, Kent and Meinken, Christoph and Kamen, Diane L and Wagner, Manfred and Bals, Robert and Steinmeyer, Andreas and Z{\"{u}}gel, Ulrich and Gallo, Richard L and Eisenberg, David and Hewison, Martin and Hollis, Bruce W and Adams, John S and Bloom, Barry R and Modlin, Robert L},
year = {2006},
title = {Toll-like receptor triggering of a vitamin D-mediated human antimicrobial response.},
journal = {Science (New York, N.Y.)},
volume = {311},
number = {5768},
pages = {1770--3},
doi = {10.1126/science.1123933}
}
@article{Liu2015,
author = {Liu, Ruijie and Holik, Aliaksei Z. and Su, Shian and Jansz, Natasha and Chen, Kelan and Leong, Huei San and Blewitt, Marnie E. and Asselin-Labat, Marie-Liesse and Smyth, Gordon K. and Ritchie, Matthew E.},
year = {2015},
title = {Why weight? Modelling sample and observational level variability improves power in RNA-seq analyses.},
journal = {Nucleic acids research},
volume = {43},
number = {15},
pages = {e97},
doi = {10.1093/nar/gkv412}
}
@article{Lucas2014,
author = {Lucas, Robyn M and Gorman, Shelley and Geldenhuys, Sian and Hart, Prue H},
year = {2014},
title = {Vitamin D and immunity.},
journal = {F1000prime reports},
volume = {6},
number = {3},
pages = {118},
doi = {10.12703/P6-118}
}
@article{Macaulay2014,
author = {Macaulay, I. C. and Voet, T.},
year = {2014},
title = {Single cell genomics: advances and future perspectives},
journal = {PLoS Genet},
volume = {10},
number = {1},
pages = {e1004126},
doi = {10.1371/journal.pgen.1004126}
}
@article{Macosko2015,
author = {Macosko, E. Z. and Basu, A. and Satija, R. and Nemesh, J. and Shekhar, K. and Goldman, M. and Tirosh, I. and Bialas, A. R. and Kamitaki, N. and Martersteck, E. M. and Trombetta, J. J. and Weitz, D. A. and Sanes, J. R. and Shalek, A. K. and Regev, A. and McCarroll, S. A.},
year = {2015},
title = {Highly Parallel Genome-wide Expression Profiling of Individual Cells Using Nanoliter Droplets},
journal = {Cell},
volume = {161},
number = {5},
pages = {1202-14},
doi = {10.1016/j.cell.2015.05.002}
}
@article{Maertzdorf2015,
author = {Maertzdorf, Jeroen and Kaufmann, Stefan H.E. and Weiner, January},
year = {2015},
title = {Toward a Unified Biosignature for Tuberculosis},
journal = {Cold Spring Harbor Perspectives in Medicine},
volume = {5},
number = {1},
pages = {183--95},
doi = {10.1101/cshperspect.a018531}
}
@article{Mahasirimongkol2012,
author = {Mahasirimongkol, Surakameth and Yanai, Hideki and Mushiroda, Taisei and Promphittayarat, Watoo and Wattanapokayakit, Sukanya and Phromjai, Jurairat and Yuliwulandari, Rika and Wichukchinda, Nuanjun and Yowang, Amara and Yamada, Norio and Kantipong, Patcharee and Takahashi, Atsushi and Kubo, Michiaki and Sawanpanyalert, Pathom and Kamatani, Naoyuki and Nakamura, Yusuke and Tokunaga, Katsushi},
year = {2012},
title = {Genome-wide association studies of tuberculosis in Asians identify distinct at-risk locus for young tuberculosis.},
journal = {Journal of human genetics},
volume = {57},
number = {6},
pages = {363--7},
doi = {10.1038/jhg.2012.35}
}
@article{Maier2012,
author = {Maier, Christina J and Maier, Richard H and Rid, Raphaela and Trost, Andrea and Hundsberger, Harald and Eger, Andreas and Hintner, Helmut and Bauer, Johann W and Onder, Kamil},
year = {2012},
title = {PIM-1 kinase interacts with the DNA binding domain of the vitamin D receptor: a further kinase implicated in 1,25-(OH)2D3 signaling.},
journal = {BMC molecular biology},
volume = {13},
number = {1},
pages = {18},
doi = {10.1186/1471-2199-13-18}
}
@article{Manca2001,
author = {Manca, C and Tsenova, L and Bergtold, A and Freeman, S and Tovey, M and Musser, J M and Barry, C E and Freedman, V H and Kaplan, G},
year = {2001},
title = {Virulence of a Mycobacterium tuberculosis clinical isolate in mice is determined by failure to induce Th1 type immunity and is associated with induction of IFN-alpha /beta.},
journal = {Proceedings of the National Academy of Sciences of the United States of America},
volume = {98},
number = {10},
pages = {5752--7},
doi = {10.1073/pnas.091096998}
}
@article{Manca2004,
author = {Manca, Claudia and Reed, Michael B and Freeman, Sherry and Mathema, Barun and Kreiswirth, Barry and Barry, Clifton E and Kaplan, Gilla},
year = {2004},
title = {Differential monocyte activation underlies strain-specific Mycobacterium tuberculosis pathogenesis.},
journal = {Infection and immunity},
volume = {72},
number = {9},
pages = {5511--4},
doi = {10.1128/IAI.72.9.5511-5514.2004}
}
@article{Martineau2007,
author = {Martineau, Adrian R. and Wilkinson, Robert J and Wilkinson, Katalin a. and Newton, Sandra M. and Kampmann, Beate and Hall, Bridget M. and Packe, Geoffrey E. and Davidson, Robert N. and Eldridge, Sandra M. and Maunsell, Zo{\"{e}} J. and Rainbow, Sandra J. and Berry, Jacqueline L. and Griffiths, Christopher J.},
year = {2007},
title = {A single dose of vitamin D enhances immunity to mycobacteria.},
journal = {American journal of respiratory and critical care medicine},
volume = {176},
number = {2},
pages = {208--13},
doi = {10.1164/rccm.200701-007OC}
}
@article{McVicker2013,
author = {McVicker, Graham and van de Geijn, Bryce and Degner, Jacob F and Cain, Carolyn E and Banovich, Nicholas E and Raj, Anil and Lewellen, Noah and Myrthil, Marsha and Gilad, Yoav and Pritchard, Jonathan K},
year = {2013},
title = {Identification of genetic variants that affect histone modifications in human cells.},
journal = {Science (New York, N.Y.)},
volume = {342},
number = {6159},
pages = {747--9},
doi = {10.1126/science.1242429}
}
@article{Mi2013,
author = {Mi, H., Muruganujam, A., Casagrande, J. T., and Thomas, P. D.},
year = {2013},
title = {Large-scale gene function analysis with the PANTHER classification system.},
journal = {Nature Protoc.},
volume = {8},
number = {8},
pages = {1551-66},
doi = {10.1038/nprot.2013.092}
}
@article{Miller1992,
author = {Miller, M D and Krangel, M S},
year = {1992},
title = {The human cytokine {I-309} is a monocyte chemoattractant.},
journal = {Proceedings of the National Academy of Sciences of the United States of America},
volume = {89},
number = {7},
pages = {2950--4},
doi = {10.1073/pnas.89.7.2950}
}
@article{Miyamoto2015,
author = {Miyamoto, D. T. and Zheng, Y. and Wittner, B. S. and Lee, R. J. and Zhu, H. and Broderick, K. T. and Desai, R. and Fox, D. B. and Brannigan, B. W. and Trautwein, J. and Arora, K. S. and Desai, N. and Dahl, D. M. and Sequist, L. V. and Smith, M. R. and Kapur, R. and Wu, C. L. and Shioda, T. and Ramaswamy, S. and Ting, D. T. and Toner, M. and Maheswaran, S. and Haber, D. A.},
year = {2015},
title = {{RNA}-Seq of single prostate CTCs implicates noncanonical Wnt signaling in antiandrogen resistance},
journal = {Science},
volume = {349},
number = {6254},
pages = {1351-6},
doi = {10.1126/science.aab0917}
}
@article{Mogensen2009,
author = {Mogensen, Trine H},
year = {2009},
title = {Pathogen recognition and inflammatory signaling in innate immune defenses.},
journal = {Clinical microbiology reviews},
volume = {22},
number = {2},
pages = {240--73, Table of Contents},
doi = {10.1128/CMR.00046-08}
}
@article{Moller2010,
author = {M{\"{o}}ller, Marlo and Hoal, Eileen G.},
year = {2010},
title = {Current findings, challenges and novel approaches in human genetic susceptibility to tuberculosis.},
journal = {Tuberculosis (Edinburgh, Scotland)},
volume = {90},
number = {2},
pages = {71--83},
doi = {10.1016/j.tube.2010.02.002}
}
@article{Mortazavi2008,
author = {Mortazavi, A. and Williams, B. A. and McCue, K. and Schaeffer, L. and Wold, B.},
year = {2008},
title = {Mapping and quantifying mammalian transcriptomes by {RNA}-Seq},
journal = {Nat Methods},
volume = {5},
number = {7},
pages = {621-8},
doi = {10.1038/nmeth.1226}
}
@article{Mortellaro2009,
author = {Mortellaro, Alessandra and Robinson, Lucy and Ricciardi-Castagnoli, Paola},
year = {2009},
title = {Spotlight on Mycobacteria and dendritic cells: will novel targets to fight tuberculosis emerge?},
journal = {EMBO molecular medicine},
volume = {1},
number = {1},
pages = {19--29},
doi = {10.1002/emmm.200900008}
}
@article{Munoz2015,
author = {Mu{\~{n}}oz, Laura and Stagg, Helen R and Abubakar, Ibrahim},
year = {2015},
title = {Diagnosis and Management of Latent Tuberculosis Infection.},
journal = {Cold Spring Harbor perspectives in medicine},
volume = {5},
number = {11},
pages = {517--529},
doi = {10.1101/cshperspect.a017830}
}
@article{Myers2003,
author = {Myers, Jesse T and Tsang, Albert W and Swanson, Joel a},
year = {2003},
title = {Localized reactive oxygen and nitrogen intermediates inhibit escape of Listeria monocytogenes from vacuoles in activated macrophages.},
journal = {Journal of immunology (Baltimore, Md. : 1950)},
volume = {171},
number = {10},
pages = {5447--53},
doi = {10.4049/jimmunol.171.10.5447}
}
@article{Narsinh2011,
author = {Narsinh, K. H. and Sun, N. and Sanchez-Freire, V. and Lee, A. S. and Almeida, P. and Hu, S. and Jan, T. and Wilson, K. D. and Leong, D. and Rosenberg, J. and Yao, M. and Robbins, R. C. and Wu, J. C.},
year = {2011},
title = {Single cell transcriptional profiling reveals heterogeneity of human induced pluripotent stem cells},
journal = {J Clin Invest},
volume = {121},
number = {3},
pages = {1217-21},
doi = {10.1172/JCI44635}
}
@article{Nau2002,
author = {Nau, Gerard J and Richmond, Joan F L and Schlesinger, Ann and Jennings, Ezra G and Lander, Eric S and Young, Richard a},
year = {2002},
title = {Human macrophage activation programs induced by bacterial pathogens.},
journal = {Proceedings of the National Academy of Sciences of the United States of America},
volume = {99},
number = {3},
pages = {1503--8},
doi = {10.1073/pnas.022649799}
}
@article{Newman2006,
author = {Newman, J. R. S. and Ghaemmaghami, S. and Ihmels, J. and Breslow, D. K. and Nobel, M. and DeRisi, J. L. and and Weissman, J. S.},
year = {2006},
title = {Single-cell proteomic analysis of S. cerevisiae reveals the architecture of biological noise.},
journal = {Nature},
volume = {441},
number = {7095},
pages = {840-846},
doi = {10.1038/nature04785}
}
@article{Nnoaham2008,
author = {Nnoaham, Kelechi E. and Clarke, Aileen},
year = {2008},
title = {Low serum vitamin D levels and tuberculosis: a systematic review and meta-analysis.},
journal = {International journal of epidemiology},
volume = {37},
number = {1},
pages = {113--9},
doi = {10.1093/ije/dym247}
}
@article{North2004,
author = {North, Robert J and Jung, Yu-Jin},
year = {2004},
title = {Immunity to tuberculosis.},
journal = {Annual review of immunology},
volume = {22},
number = {},
pages = {599--623},
doi = {10.1146/annurev.immunol.22.012703.104635}
}
@article{OGarra2013,
author = {O'Garra, Anne and Redford, Paul S. and McNab, Finlay W. and Bloom, Chloe I. and Wilkinson, Robert J. and Berry, Matthew P R},
year = {2013},
title = {The immune response in tuberculosis.},
journal = {Annual review of immunology},
volume = {31},
number = {1},
pages = {475--527},
doi = {10.1146/annurev-immunol-032712-095939}
}
@article{OneKGConsortium2012,
author = {{The 1000 Genomes Project Consortium}},
year = {2012},
title = {An integrated map of genetic variation from 1,092 human genomes.},
journal = {Nature},
volume = {491},
number = {7422},
pages = {56--65},
doi = {10.1038/nature11632}
}
@article{Ongen2016,
author = {Ongen, Halit and Brown, Andrew A and Delaneau, Olivier and Panousis, Nikolaos and Nica, Alexandra C},
year = {2016},
title = {Estimating the causal tissues for complex traits and diseases},
journal = {bioRxiv},
volume = {},
number = {},
pages = {},
doi = {10.1101/074682}
}
@article{Ozdemir2013,
author = {{\"{O}}zdemir, Fethi Ahmet and Erol, Deniz and Y{\"{u}}ce, H{\"{u}}seyin and Konar, Vahit and {Kara Şenli}, Ebru and Bulut, Funda and Deveci, Figen},
year = {2013},
title = {[Investigation of CCL1 rs159294 T/A gene polymorphism in pulmonary and extrapulmonary tuberculosis patients].},
journal = {Tüberküloz ve toraks},
volume = {61},
number = {3},
pages = {200--8},
doi = {10.5578/tt.5481}
}
@article{Padovan-Merhar2015,
author = {Padovan-Merhar, O. and Nair, G. P. and Biaesch, A. G. and Mayer, A. and Scarfone, S. and Foley, S. W. and Wu, A. R. and Churchman, L. S. and Singh, A. and Raj, A.},
year = {2015},
title = {Single mammalian cells compensate for differences in cellular volume and DNA copy number through independent global transcriptional mechanisms},
journal = {Mol Cell},
volume = {58},
number = {2},
pages = {339-52},
doi = {10.1016/j.molcel.2015.03.005}
}
@article{Pavlidis2012,
author = {Pavlidis, Pavlos and Jensen, Jeffrey D. and Stephan, Wolfgang and Stamatakis, Alexandros},
year = {2012},
title = {A critical assessment of storytelling: gene ontology categories and the importance of validating genomic scans.},
journal = {Molecular biology and evolution},
volume = {29},
number = {10},
pages = {3237--48},
doi = {10.1093/molbev/mss136}
}
@article{Phipson2010,
author = {Phipson, Belinda and Smyth, Gordon K.},
year = {2010},
title = {Permutation p-values should never be zero: calculating exact p-values when permutations are randomly drawn.},
journal = {Statistical applications in genetics and molecular biology},
volume = {9},
number = {1},
pages = {Article 39},
doi = {10.2202/1544-6115.1585}
}
@article{Picelli2014,
author = {Picelli, Simone and Bj\"{o}rklund, Asa K and Reinius, Bj\"{o}rn and Sagasser, Sven and Winberg, G\"{o}sta and Sandberg, Rickard},
year = {2014},
title = {Tn5 transposase and tagmentation procedures for massively scaled sequencing projects.},
journal = {Genome research},
volume = {24},
number = {12},
pages = {2033--40},
doi = {10.1101/gr.177881.114}
}
@article{Png2012,
author = {Png, Eileen and Alisjahbana, Bachti and Sahiratmadja, Edhyana and Marzuki, Sangkot and Nelwan, Ron and Balabanova, Yanina and Nikolayevskyy, Vladyslav and Drobniewski, Francis and Nejentsev, Sergey and Adnan, Iskandar and van de Vosse, Esther and Hibberd, Martin L and van Crevel, Reinout and Ottenhoff, Tom H M and Seielstad, Mark},
year = {2012},
title = {A genome wide association study of pulmonary tuberculosis susceptibility in Indonesians.},
journal = {BMC medical genetics},
volume = {13},
number = {1},
pages = {1--9},
doi = {10.1186/1471-2350-13-5}
}
@article{Pollen2014,
author = {Pollen, A. A. and Nowakowski, T. J. and Shuga, J. and Wang, X. and Leyrat, A. A. and Lui, J. H. and Li, N. and Szpankowski, L. and Fowler, B. and Chen, P. and Ramalingam, N. and Sun, G. and Thu, M. and Norris, M. and Lebofsky, R. and Toppani, D. and Kemp, D. W., 2nd and Wong, M. and Clerkson, B. and Jones, B. N. and Wu, S. and Knutsson, L. and Alvarado, B. and Wang, J. and Weaver, L. S. and May, A. P. and Jones, R. C. and Unger, M. A. and Kriegstein, A. R. and West, J. A.},
year = {2014},
title = {Low-coverage single-cell m{RNA} sequencing reveals cellular heterogeneity and activated signaling pathways in developing cerebral cortex},
journal = {Nat Biotechnol},
volume = {32},
number = {10},
pages = {1053-8},
doi = {10.1038/nbt.2967}
}
@article{Pym2002,
author = {Pym, Alexander S. and Brodin, Priscille and Brosch, Roland and Huerre, Michel and Cole, Stewart T.},
year = {2002},
title = {Loss of RD1 contributed to the attenuation of the live tuberculosis vaccines Mycobacterium bovis BCG and Mycobacterium microti.},
journal = {Molecular microbiology},
volume = {46},
number = {3},
pages = {709--17},
doi = {10.1046/j.1365-2958.2002.03237.x}
}
@manual{R2015,
author = {{R Core Team}},
year = {2015},
title = {R: A Language and Environment for Statistical Computing},
journal = {},
volume = {},
number = {},
pages = {},
doi = {}
}
@article{Raj2008,
author = {Raj, A. and van Oudenaarden, A.},
year = {2008},
title = {Nature, nurture, or chance: stochastic gene expression and its consequences},
journal = {Cell},
volume = {135},
number = {2},
pages = {216-26},
doi = {10.1016/j.cell.2008.09.050}
}
@article{Rapaport2013,
author = {Rapaport, Franck and Khanin, Raya and Liang, Yupu and Pirun, Mono and Krek, Azra and Zumbo, Paul and Mason, Christopher E and Socci, Nicholas D and Betel, Doron},
year = {2013},
title = {Comprehensive evaluation of differential gene expression analysis methods for RNA-seq data.},
journal = {Genome biology},
volume = {14},
number = {9},
pages = {R95},
doi = {10.1186/gb-2013-14-9-r95}
}
@article{Raser2004,
author = {Raser, J. M. and O'Shea, E. K.},
year = {2004},
title = {Control of stochasticity in eukaryotic gene expression},
journal = {Science},
volume = {304},
number = {5678},
pages = {1811-4},
doi = {10.1126/science.1098641}
}
@article{Raser2005,
author = {Raser, J. M. and O'Shea, E. K.},
year = {2005},
title = {Noise in gene expression: origins, consequences, and control},
journal = {Science},
volume = {309},
number = {5743},
pages = {2010-3},
doi = {10.1126/science.1105891}
}
@article{Reed2004,
author = {Reed, Michael B and Domenech, Pilar and Manca, Claudia and Su, Hua and Barczak, Amy K and Kreiswirth, Barry N and Kaplan, Gilla and Barry, Clifton E},
year = {2004},
title = {A glycolipid of hypervirulent tuberculosis strains that inhibits the innate immune response.},
journal = {Nature},
volume = {431},
number = {7004},
pages = {84--7},
doi = {10.1038/nature02837}
}
@article{Risso2014,
author = {Risso, D. and Ngai, J. and Speed, T. P. and Dudoit, S.},
year = {2014},
title = {Normalization of {RNA}-seq data using factor analysis of control genes or samples},
journal = {Nat Biotechnol},
volume = {32},
number = {9},
pages = {896-902},
doi = {10.1038/nbt.2931}
}
@article{Ritchie2015,
author = {Ritchie, Matthew E and Phipson, Belinda and Wu, Di and Hu, Yifang and Law, Charity W and Shi, Wei and Smyth, Gordon K},
year = {2015},
title = {limma powers differential expression analyses for {RNA}-sequencing and microarray studies.},
journal = {Nucleic acids research},
volume = {43},
number = {7},
pages = {e47},
doi = {10.1093/nar/gkv007}
}
@article{Rivero-Lezcano2012,
author = {Rivero-Lezcano, Octavio M},
year = {2013},
title = {In vitro infection of human cells with Mycobacterium tuberculosis.},
journal = {Tuberculosis (Edinburgh, Scotland)},
volume = {93},
number = {2},
pages = {123--9},
doi = {10.1016/j.tube.2012.09.002}
}
@article{Roberts2006,
author = {Roberts, Esteban a. and Chua, Jennifer and Kyei, George B. and Deretic, Vojo},
year = {2006},
title = {Higher order Rab programming in phagolysosome biogenesis.},
journal = {The Journal of cell biology},
volume = {174},
number = {7},
pages = {923--9},
doi = {10.1083/jcb.200603026}
}
@article{Robinson2010,
author = {Robinson, Mark D and Oshlack, Alicia},
year = {2010},
title = {A scaling normalization method for differential expression analysis of RNA-seq data.},
journal = {Genome biology},
volume = {11},
number = {3},
pages = {R25},
doi = {10.1186/gb-2010-11-3-r25}
}
@article{Rocha-Ramirez2008,
author = {Rocha-Ram{\'{i}}rez, Luz Mar{\'{i}}a and Estrada-Garc{\'{i}}a, Iris and L{\'{o}}pez-Mar{\'{i}}n, Luz Mar{\'{i}}a and Segura-Salinas, Erika and M{\'{e}}ndez-Arag{\'{o}}n, Patricia and {Van Soolingen}, Dick and Torres-Gonz{\'{a}}lez, Rub{\'{e}}n and Chac{\'{o}}n-Salinas, Rommel and Estrada-Parra, Sergio and Maldonado-Bernal, Carmen and L{\'{o}}pez-Mac{\'{i}}as, Constantino and Isibasi, Armando},
year = {2008},
title = {Mycobacterium tuberculosis lipids regulate cytokines, TLR-2/4 and MHC class II expression in human macrophages.},
journal = {Tuberculosis (Edinburgh, Scotland)},
volume = {88},
number = {3},
pages = {212--20},
doi = {10.1016/j.tube.2007.10.003}
}
@article{Rose2013,
author = {Rose, Graham and Cortes, Teresa and Comas, I{\~{n}}aki and Coscolla, Mireia and Gagneux, Sebastien and Young, Douglas B.},
year = {2013},
title = {Mapping of genotype-phenotype diversity among clinical isolates of mycobacterium tuberculosis by sequence-based transcriptional profiling.},
journal = {Genome biology and evolution},
volume = {5},
number = {10},
pages = {1849--62},
doi = {10.1093/gbe/evt138}
}
@article{SEQC/MAQC-IIIConsortium2014,
author = {{SEQC/MAQC-III Consortium}},
year = {2014},
title = {A comprehensive assessment of {RNA}-seq accuracy, reproducibility and information content by the Sequencing Quality Control Consortium.},
journal = {Nature biotechnology},
volume = {32},
number = {9},
pages = {903--14},
doi = {10.1038/nbt.2957}
}
@article{Saliba2014,
author = {Saliba, A. E. and Westermann, A. J. and Gorski, S. A. and Vogel, J.},
year = {2014},
title = {Single-cell {RNA-seq}: advances and future challenges},
journal = {Nucleic Acids Res},
volume = {42},
number = {14},
pages = {8845-60},
doi = {10.1093/nar/gku555}
}
@article{Scolletta2013,
author = {Scolletta, Sabino and Colletti, Marta and {Di Luigi}, Luigi and Crescioli, Clara},
year = {2013},
title = {Vitamin D receptor agonists target CXCL10: new therapeutic tools for resolution of inflammation.},
journal = {Mediators of inflammation},
volume = {2013},
number = {},
pages = {876319},
doi = {10.1155/2013/876319}
}
@article{Seung2015,
author = {Seung, Kwonjune J and Keshavjee, Salmaan and Rich, Michael L},
year = {2015},
title = {Multidrug-Resistant Tuberculosis and Extensively Drug-Resistant Tuberculosis.},
journal = {Cold Spring Harbor perspectives in medicine},
volume = {5},
number = {9},
pages = {579--598},
doi = {10.1101/cshperspect.a017863}
}
@article{Shalek2013,
author = {Shalek, A. K. and Satija, R. and Adiconis, X. and Gertner, R. S. and Gaublomme, J. T. and Raychowdhury, R. and Schwartz, S. and Yosef, N. and Malboeuf, C. and Lu, D. and Trombetta, J. J. and Gennert, D. and Gnirke, A. and Goren, A. and Hacohen, N. and Levin, J. Z. and Park, H. and Regev, A.},
year = {2013},
title = {Single-cell transcriptomics reveals bimodality in expression and splicing in immune cells},
journal = {Nature},
volume = {498},
number = {7453},
pages = {236-40},
doi = {10.1038/nature12172}
}
@article{Shiroguchi2012,
author = {Shiroguchi, K. and Jia, T. Z. and Sims, P. A. and Xie, X. S.},
year = {2012},
title = {Digital {RNA} sequencing minimizes sequence-dependent bias and amplification noise with optimized single-molecule barcodes},
journal = {Proc Natl Acad Sci U S A},
volume = {109},
number = {4},
pages = {1347-52},
doi = {10.1073/pnas.1118018109}
}
@article{Simeone2009,
author = {Simeone, Roxane and Bottai, Daria and Brosch, Roland},
year = {2009},
title = {ESX/type VII secretion systems and their role in host-pathogen interaction.},
journal = {Current opinion in microbiology},
volume = {12},
number = {1},
pages = {4--10},
doi = {10.1016/j.mib.2008.11.003}
}
@article{Simeone2015,
author = {Simeone, Roxane and Sayes, Fadel and Song, Okryul and Gr{\"{o}}schel, Matthias I. and Brodin, Priscille and Brosch, Roland and Majlessi, Laleh},
year = {2015},
title = {Cytosolic access of Mycobacterium tuberculosis: critical impact of phagosomal acidification control and demonstration of occurrence in vivo.},
journal = {PLoS pathogens},
volume = {11},
number = {2},
pages = {e1004650},
doi = {10.1371/journal.ppat.1004650}
}
@article{Sinsimer2008,
author = {Sinsimer, Daniel and Huet, Gaelle and Manca, Claudia and Tsenova, Liana and Koo, Mi-Sun and Kurepina, Natalia and Kana, Bavesh and Mathema, Barun and Marras, Salvatore a E and Kreiswirth, Barry N. and Guilhot, Christophe and Kaplan, Gilla},
year = {2008},
title = {The phenolic glycolipid of Mycobacterium tuberculosis differentially modulates the early host cytokine response but does not in itself confer hypervirulence.},
journal = {Infection and immunity},
volume = {76},
number = {7},
pages = {3027--36},
doi = {10.1128/IAI.01663-07}
}
@article{Smith2016,
author = {Smith, Tom Sean and Heger, Andreas and Sudbery, Ian},
year = {2016},
title = {UMI-tools: Modelling sequencing errors in {Unique Molecular Identifiers} to improve quantification},
journal = {bioRxiv},
volume = {},
number = {},
pages = {},
doi = {http://dx.doi.org/10.1101/051755}
}
@article{Smyth2004,
author = {Smyth, Gordon K},
year = {2004},
title = {Linear models and empirical bayes methods for assessing differential expression in microarray experiments.},
journal = {Statistical applications in genetics and molecular biology},
volume = {3},
number = {1},
pages = {Article3},
doi = {10.2202/1544-6115.1027}
}
@article{Smyth2005,
author = {Smyth, Gordon K. and Michaud, Jo{\"{e}}lle and Scott, Hamish S.},
year = {2005},
title = {Use of within-array replicate spots for assessing differential expression in microarray experiments.},
journal = {Bioinformatics (Oxford, England)},
volume = {21},
number = {9},
pages = {2067--75},
doi = {10.1093/bioinformatics/bti270}
}
@article{Sobota2016,
author = {Sobota, Rafal S. and Stein, Catherine M. and Kodaman, Nuri and Scheinfeldt, Laura B. and Maro, Isaac and Wieland-Alter, Wendy and Igo, Robert P. and Magohe, Albert and Malone, Lashaunda L. and Chervenak, Keith and Hall, Noemi B. and Modongo, Chawangwa and Zetola, Nicola and Matee, Mecky and Joloba, Moses and Froment, Alain and Nyambo, Thomas B. and Moore, Jason H. and Scott, William K. and Lahey, Timothy and Boom, W. Henry and von Reyn, C Fordham and Tishkoff, Sarah A. and Sirugo, Giorgio and Williams, Scott M.},
year = {2016},
title = {A Locus at 5q33.3 Confers Resistance to Tuberculosis in Highly Susceptible Individuals.},
journal = {American journal of human genetics},
volume = {98},
number = {3},
pages = {514--24},
doi = {10.1016/j.ajhg.2016.01.015}
}
@article{Soneson2013,
author = {Soneson, Charlotte and Delorenzi, Mauro},
year = {2013},
title = {A comparison of methods for differential expression analysis of RNA-seq data.},
journal = {BMC bioinformatics},
volume = {14},
number = {1},
pages = {91},
doi = {10.1186/1471-2105-14-91}
}
@article{Sotgiu2015,
author = {Sotgiu, Giovanni and Centis, Rosella and D'ambrosio, Lia and Migliori, Giovanni Battista},
year = {2015},
title = {Tuberculosis treatment and drug regimens.},
journal = {Cold Spring Harbor perspectives in medicine},
volume = {5},
number = {5},
pages = {505--516},
doi = {10.1101/cshperspect.a017822}
}
@article{Spang2014,
author = {Spang, Natalie and Feldmann, Anne and Huesmann, Heike and Bekbulat, Fazilet and Schmitt, Verena and Hiebel, Christof and Koziollek-Drechsler, Ingrid and Clement, Albrecht M and Moosmann, Bernd and Jung, Jennifer and Behrends, Christian and Dikic, Ivan and Kern, Andreas and Behl, Christian},
year = {2014},
title = {{RAB3GAP1} and {RAB3GAP2} modulate basal and rapamycin-induced autophagy.},
journal = {Autophagy},
volume = {10},
number = {12},
pages = {2297--309},
doi = {10.4161/15548627.2014.994359}
}
@article{Stanley2007,
author = {Stanley, Sarah a and Johndrow, James E and Manzanillo, Paolo and Cox, Jeffery S},
year = {2007},
title = {The Type I IFN response to infection with Mycobacterium tuberculosis requires ESX-1-mediated secretion and contributes to pathogenesis.},
journal = {Journal of immunology (Baltimore, Md. : 1950)},
volume = {178},
number = {5},
pages = {3143--52},
doi = {10.4049/jimmunol.178.5.3143}
}
@article{Stanley2013,
author = {Stanley, Sarah A and Cox, Jeffery S},
year = {2013},
title = {Host-pathogen interactions during Mycobacterium tuberculosis infections.},
journal = {Current topics in microbiology and immunology},
volume = {374},
number = {July},
pages = {211--41},
doi = {10.1007/82_2013_332}
}
@article{Stegle2015,
author = {Stegle, O. and Teichmann, S. A. and Marioni, J. C.},
year = {2015},
title = {Computational and analytical challenges in single-cell transcriptomics},
journal = {Nat Rev Genet},
volume = {16},
number = {3},
pages = {133-45},
doi = {10.1038/nrg3833}
}
@article{Stephens2016,
author = {Stephens, Matthew},
year = {2016},
title = {False Discovery Rates: A New Deal.},
journal = {bioRxiv},
volume = {},
number = {},
pages = {},
doi = {10.1101/038216}
}
@article{Sturgill-Koszycki1994,
author = {Sturgill-Koszycki, S and Schlesinger, P H and Chakraborty, P and Haddix, P L and Collins, H L and Fok, A K and Allen, R D and Gluck, S L and Heuser, J and Russell, D G},
year = {1994},
title = {Lack of acidification in Mycobacterium phagosomes produced by exclusion of the vesicular proton-ATPase.},
journal = {Science (New York, N.Y.)},
volume = {263},
number = {5147},
pages = {678--81},
doi = {10.1126/science.8303277}
}
@article{Sudhof2004,
author = {Sudhof, Thomas C},
year = {2004},
title = {The synaptic vesicle cycle.},
journal = {Annual review of neuroscience},
volume = {27},
number = {6533},
pages = {509--47},
doi = {10.1146/annurev.neuro.26.041002.131412}
}
@article{Sulakhe2016,
author = {Sulakhe, Dinanath and Xie, Bingqing and Taylor, Andrew and D'Souza, Mark and Balasubramanian, Sandhya and Hashemifar, Somaye and White, Steven and Dave, Utpal J and Agam, Gady and Xu, Jinbo and Wang, Sheng and Gilliam, T Conrad and Maltsev, Natalia},
year = {2016},
title = {Lynx: a knowledge base and an analytical workbench for integrative medicine.},
journal = {Nucleic acids research},
volume = {44},
number = {D1},
pages = {D882--7},
doi = {10.1093/nar/gkv1257}
}
@article{Tailleux2003,
author = {Tailleux, Ludovic and Neyrolles, Olivier and Honor{\'{e}}-Bouakline, St{\'{e}}phanie and Perret, Emmanuelle and Sanchez, Fran{\c{c}}oise and Abastado, Jean-Pierre and Lagrange, Philippe Henri and Gluckman, Jean Claude and Rosenzwajg, Michelle and Herrmann, Jean-Louis},
year = {2003},
title = {Constrained intracellular survival of Mycobacterium tuberculosis in human dendritic cells.},
journal = {Journal of immunology (Baltimore, Md. : 1950)},
volume = {170},
number = {4},
pages = {1939--48},
doi = {}
}
@article{Tailleux2008,
author = {Tailleux, Ludovic and Waddell, Simon J and Pelizzola, Mattia and Mortellaro, Alessandra and Withers, Michael and Tanne, Antoine and Castagnoli, Paola Ricciardi and Gicquel, Brigitte and Stoker, Neil G and Butcher, Philip D and Foti, Maria and Neyrolles, Olivier},
year = {2008},
title = {Probing host pathogen cross-talk by transcriptional profiling of both {M}ycobacterium tuberculosis and infected human dendritic cells and macrophages.},
journal = {PloS one},
volume = {3},
number = {1},
pages = {e1403},
doi = {10.1371/journal.pone.0001403}
}
@article{Tang2009,
author = {Tang, Nelson Leung-Sang and Fan, Harris Pok Yin and Chang, Kwok Chiu and Ching, Jasmine Kuk Lai and Kong, Kathy Pui Shan and Yew, Wing Wai and Kam, Kai Man and Leung, Chi Chiu and Tam, Cheuk Ming and Blackwell, Jenefer and Chan, Chiu Yeung},
year = {2009},
title = {Genetic association between a chemokine gene CXCL-10 (IP-10, interferon gamma inducible protein 10) and susceptibility to tuberculosis.},
journal = {Clinica chimica acta; international journal of clinical chemistry},
volume = {406},
number = {1-2},
pages = {98--102},
doi = {10.1016/j.cca.2009.06.006}
}
@article{Tang2011,
author = {Tang, N. L S and Chan, C. Y. and Leung, C. C. and Tam, C. M. and Blackwell, J.},
year = {2011},
title = {Tuberculosis susceptibility genes in the chemokine cluster region of chromosome 17 in Hong Kong Chinese.},
journal = {Hong Kong medical journal = Xianggang yi xue za zhi / Hong Kong Academy of Medicine},
volume = {17 Suppl 6},
number = {6},
pages = {22--5},
doi = {}
}
@article{Tanveer2009,
author = {Tanveer, Mahnaz and Hasan, Zahra and Kanji, Akbar and Hussain, Rabia and Hasan, Rumina},
year = {2009},
title = {Reduced TNF-alpha and IFN-gamma responses to Central Asian strain 1 and Beijing isolates of Mycobacterium tuberculosis in comparison with H37Rv strain.},
journal = {Transactions of the Royal Society of Tropical Medicine and Hygiene},
volume = {103},
number = {6},
pages = {581--7},
doi = {10.1016/j.trstmh.2009.03.014}
}
@article{Thomas2015,
author = {Thomas, S. M. and Kagan, C. and Pavlovic, B. J. and Burnett, J. and Patterson, K. and Pritchard, J. K. and Gilad, Y.},
year = {2015},
title = {Reprogramming LCLs to iPSCs Results in Recovery of Donor-Specific Gene Expression Signature},
journal = {PLoS Genet},
volume = {11},
number = {5},
pages = {e1005216},
doi = {10.1371/journal.pgen.1005216}
}
@article{Thuong2008,
author = {Thuong, Nguyen Thuy Thuong and Dunstan, Sarah J and Chau, Tran Thi Hong and Thorsson, Vesteinn and Simmons, Cameron P and Quyen, Nguyen Than Ha and Thwaites, Guy E and {Thi Ngoc Lan}, Nguyen and Hibberd, Martin and Teo, Yik Y and Seielstad, Mark and Aderem, Alan and Farrar, Jeremy J and Hawn, Thomas R},
year = {2008},
title = {Identification of tuberculosis susceptibility genes with human macrophage gene expression profiles.},
journal = {PLoS pathogens},
volume = {4},
number = {12},
pages = {e1000229},
doi = {10.1371/journal.ppat.1000229}
}
@article{Thye2010,
author = {Thye, Thorsten and Vannberg, Fredrik O and Wong, Sunny H and Owusu-Dabo, Ellis and Osei, Ivy and Gyapong, John and Sirugo, Giorgio and Sisay-Joof, Fatou and Enimil, Anthony and Chinbuah, Margaret a and Floyd, Sian and Warndorff, David K and Sichali, Lifted and Malema, Simon and Crampin, Amelia C and Ngwira, Bagrey and Teo, Yik Y and Small, Kerrin and Rockett, Kirk and Kwiatkowski, Dominic and Fine, Paul E and Hill, Philip C and Newport, Melanie and Lienhardt, Christian and Adegbola, Richard a and Corrah, Tumani and Ziegler, Andreas and {African TB Genetics Consortium} and {Wellcome Trust Case Control Consortium} and Morris, Andrew P and Meyer, Christian G and Horstmann, Rolf D and Hill, Adrian V S},
year = {2010},
title = {Genome-wide association analyses identifies a susceptibility locus for tuberculosis on chromosome 18q11.2.},
journal = {Nature genetics},
volume = {42},
number = {9},
pages = {739--41},
doi = {10.1038/ng.639}
}
@article{Thye2012,
author = {Thye, Thorsten and Owusu-Dabo, Ellis and Vannberg, Fredrik O and van Crevel, Reinout and Curtis, James and Sahiratmadja, Edhyana and Balabanova, Yanina and Ehmen, Christa and Muntau, Birgit and Ruge, Gerd and Sievertsen, J{\"{u}}rgen and Gyapong, John and Nikolayevskyy, Vladyslav and Hill, Philip C and Sirugo, Giorgio and Drobniewski, Francis and van de Vosse, Esther and Newport, Melanie and Alisjahbana, Bachti and Nejentsev, Sergey and Ottenhoff, Tom H M and Hill, Adrian V S and Horstmann, Rolf D and Meyer, Christian G},
year = {2012},
title = {Common variants at 11p13 are associated with susceptibility to tuberculosis.},
journal = {Nature genetics},
volume = {44},
number = {3},
pages = {257--9},
doi = {10.1038/ng.1080}
}
@article{Tung2016,
author = {Tung, Po-Yuan and Blischak, John D and Hsiao, Chiaowen and Knowles, David A and Burnett, Jonathan E and Pritchard, Jonathan K and Gilad, Yoav},
year = {2016},
title = {Batch effects and the effective design of single-cell gene expression studies},
journal = {bioRxiv},
volume = {},
number = {},
pages = {062919},
doi = {10.1101/062919}
}
@article{Vallejos2015,
author = {Vallejos, C. A. and Marioni, J. C. and Richardson, S.},
year = {2015},
title = {BASiCS: Bayesian Analysis of Single-Cell Sequencing Data},
journal = {PLoS Comput Biol},
volume = {11},
number = {6},
pages = {e1004333},
doi = {10.1371/journal.pcbi.1004333}
}
@article{Vallejos2016,
author = {Vallejos, C. A. and Richardson, S. and Marioni, J. C.},
year = {2016},
title = {Beyond comparisons of means: understanding changes in gene expression at the single-cell level},
journal = {Genome Biology},
volume = {17},
number = {70},
pages = {1-14},
doi = {10.1186/s13059-016-0930-3}
}
@article{VanHeyningen1997,
author = {VanHeyningen, T K and Collins, H L and Russell, D G},
year = {1997},
title = {IL-6 produced by macrophages infected with Mycobacterium species suppresses T cell responses.},
journal = {Journal of immunology (Baltimore, Md. : 1950)},
volume = {158},
number = {1},
pages = {330--7},
doi = {}
}
@article{VanderWel2007,
author = {van der Wel, Nicole and Hava, David and Houben, Diane and Fluitsma, Donna and van Zon, Maaike and Pierson, Jason and Brenner, Michael and Peters, Peter J.},
year = {2007},
title = {M. tuberculosis and M. leprae translocate from the phagolysosome to the cytosol in myeloid cells.},
journal = {Cell},
volume = {129},
number = {7},
pages = {1287--98},
doi = {10.1016/j.cell.2007.05.059}
}
@article{Vergne2004,
author = {Vergne, Isabelle and Chua, Jennifer and Singh, Sudha B and Deretic, Vojo},
year = {2004},
title = {Cell biology of mycobacterium tuberculosis phagosome.},
journal = {Annual review of cell and developmental biology},
volume = {20},
number = {},
pages = {367--94},
doi = {10.1146/annurev.cellbio.20.010403.114015}
}
@article{Verway2013,
author = {Verway, Mark and Bouttier, Manuella and Wang, Tian-Tian and Carrier, Marilyn and Calderon, Mario and An, Beum-Soo and Devemy, Emmanuelle and McIntosh, Fiona and Divangahi, Maziar and Behr, Marcel a. and White, John H.},
year = {2013},
title = {Vitamin D induces interleukin-1$\beta$ expression: paracrine macrophage epithelial signaling controls M. tuberculosis infection.},
journal = {PLoS pathogens},
volume = {9},
number = {6},
pages = {e1003407},
doi = {10.1371/journal.ppat.1003407}
}
@article{WHO2015a,
author = {{World Health Organization}},
year = {2015},
title = {Global tuberculosis report 2015},
journal = {},
volume = {},
number = {},
pages = {},
doi = {}
}
@article{WHO2015b,
author = {{World Health Organization}},
year = {2015},
title = {Global {TB} facts 2015},
journal = {},
volume = {},
number = {},
pages = {},
doi = {}
}
@article{Wang2010,
author = {Wang, Chongzhen and Peyron, Pascale and Mestre, Olga and Kaplan, Gilla and van Soolingen, Dick and Gao, Qian and Gicquel, Brigitte and Neyrolles, Olivier},
year = {2010},
title = {Innate immune response to Mycobacterium tuberculosis Beijing and other genotypes.},
journal = {PloS one},
volume = {5},
number = {10},
pages = {e13594},
doi = {10.1371/journal.pone.0013594}
}
@article{Wang2013,
author = {Wang, Charles C and Zhu, Bingdong and Fan, Xionglin and Gicquel, Brigitte and Zhang, Ying},
year = {2013},
title = {Systems approach to tuberculosis vaccine development.},
journal = {Respirology (Carlton, Vic.)},
volume = {18},
number = {3},
pages = {412--20},
doi = {10.1111/resp.12052}
}
@article{Wang2016,
author = {Wang, Xinchen and Tucker, Nathan R and Rizki, Gizem and Mills, Robert and Krijger, Peter HL and de Wit, Elzo and Subramanian, Vidya and Bartell, Eric and Nguyen, Xinh-Xinh and Ye, Jiangchuan and Leyton-Mange, Jordan and Dolmatova, Elena V and van der Harst, Pim and de Laat, Wouter and Ellinor, Patrick T and Newton-Cheh, Christopher and Milan, David J and Kellis, Manolis and Boyer, Laurie A},
year = {2016},
title = {Discovery and validation of sub-threshold genome-wide association study loci using epigenomic signatures.},
journal = {eLife},
volume = {5},
number = {},
pages = {1--24},
doi = {10.7554/eLife.10557}
}
@article{Wassermann2015,
author = {Wassermann, Ruth and Gulen, Muhammet F. and Sala, Claudia and Perin, Sonia Garcia and Lou, Ye and Rybniker, Jan and Schmid-Burgk, Jonathan L. and Schmidt, Tobias and Hornung, Veit and Cole, Stewart T. and Ablasser, Andrea},
year = {2015},
title = {Mycobacterium tuberculosis Differentially Activates cGAS- and Inflammasome-Dependent Intracellular Immune Responses through ESX-1.},
journal = {Cell host {\&} microbe},
volume = {17},
number = {6},
pages = {799--810},
doi = {10.1016/j.chom.2015.05.003}
}
@article{Watson2012,
author = {Watson, Robert O. and Manzanillo, Paolo S. and Cox, Jeffery S.},
year = {2012},
title = {Extracellular M. tuberculosis DNA targets bacteria for autophagy by activating the host DNA-sensing pathway.},
journal = {Cell},
volume = {150},
number = {4},
pages = {803--15},
doi = {10.1016/j.cell.2012.06.040}
}
@article{Watson2015,
author = {Watson, Robert O. and Bell, Samantha L. and MacDuff, Donna A. and Kimmey, Jacqueline M. and Diner, Elie J. and Olivas, Joanna and Vance, Russell E. and Stallings, Christina L. and Virgin, Herbert W. and Cox, Jeffery S.},
year = {2015},
title = {The Cytosolic Sensor cGAS Detects Mycobacterium tuberculosis DNA to Induce Type I Interferons and Activate Autophagy.},
journal = {Cell host {\&} microbe},
volume = {17},
number = {6},
pages = {811--9},
doi = {10.1016/j.chom.2015.05.004}
}
@article{Wei2015,
author = {Wei, Yingying and Tenzen, Toyoaki and Ji, Hongkai},
year = {2015},
title = {Joint analysis of differential gene expression in multiple studies using correlation motifs.},
journal = {Biostatistics (Oxford, England)},
volume = {16},
number = {1},
pages = {31--46},
doi = {10.1093/biostatistics/kxu038}
}
@article{Whitfield2002,
author = {Whitfield, M. L. and Sherlock, G. and Saldanha, A. J. and Murray, J. I. and Ball, C. A. and Alexander, K. E. and Matese, J. C. and Perou, C. M. and Hurt, M. M. and Brown, P. O. and Botstein, D.},
year = {2002},
title = {Identification of genes periodically expressed in the human cell cycle and their expression in tumors},
journal = {Mol Biol Cell},
volume = {13},
number = {6},
pages = {1977-2000},
doi = {10.1091/mbc.02-02-0030.}
}
@article{Wolfert2013,
author = {Wolfert, Margreet a and Boons, Geert-Jan},
year = {2013},
title = {Adaptive immune activation: glycosylation does matter.},
journal = {Nature chemical biology},
volume = {9},
number = {12},
pages = {776--84},
doi = {10.1038/nchembio.1403}
}
@article{Wu2012,
author = {Wu, Kang and Dong, Dandan and Fang, Hai and Levillain, Florence and Jin, Wen and Mei, Jian and Gicquel, Brigitte and Du, Yanzhi and Wang, Kankan and Gao, Qian and Neyrolles, Olivier and Zhang, Ji},
year = {2012},
title = {An interferon-related signature in the transcriptional core response of human macrophages to Mycobacterium tuberculosis infection.},
journal = {PloS one},
volume = {7},
number = {6},
pages = {e38367},
doi = {10.1371/journal.pone.0038367}
}
@article{Wu2014,
author = {Wu, A. R. and Neff, N. F. and Kalisky, T. and Dalerba, P. and Treutlein, B. and Rothenberg, M. E. and Mburu, F. M. and Mantalas, G. L. and Sim, S. and Clarke, M. F. and Quake, S. R.},
year = {2014},
title = {Quantitative assessment of single-cell {RNA}-sequencing methods},
journal = {Nat Methods},
volume = {11},
number = {1},
pages = {41-6},
doi = {10.1038/nmeth.2694}
}
@article{Xia2014,
author = {Xia, Jingyan and Shi, Liyun and Zhao, Lifang and Xu, Feng},
year = {2014},
title = {Impact of vitamin D supplementation on the outcome of tuberculosis treatment: a systematic review and meta-analysis of randomized controlled trials.},
journal = {Chinese medical journal},
volume = {127},
number = {17},
pages = {3127--34},
doi = {}
}
@article{Xu2014,
author = {Xu, Guanghua and Wang, Jing and Gao, George Fu and Liu, Cui Hua},
year = {2014},
title = {Insights into battles between Mycobacterium tuberculosis and macrophages.},
journal = {Protein {\&} cell},
volume = {5},
number = {10},
pages = {728--36},
doi = {10.1007/s13238-014-0077-5}
}
@article{Yates2016,
author = {Yates, Andrew and Akanni, Wasiu and Amode, M. Ridwan and Barrell, Daniel and Billis, Konstantinos and Carvalho-Silva, Denise and Cummins, Carla and Clapham, Peter and Fitzgerald, Stephen and Gil, Laurent and Gir{\'{o}}n, Carlos Garc{\'{i}}a and Gordon, Leo and Hourlier, Thibaut and Hunt, Sarah E. and Janacek, Sophie H. and Johnson, Nathan and Juettemann, Thomas and Keenan, Stephen and Lavidas, Ilias and Martin, Fergal J. and Maurel, Thomas and McLaren, William and Murphy, Daniel N. and Nag, Rishi and Nuhn, Michael and Parker, Anne and Patricio, Mateus and Pignatelli, Miguel and Rahtz, Matthew and Riat, Harpreet Singh and Sheppard, Daniel and Taylor, Kieron and Thormann, Anja and Vullo, Alessandro and Wilder, Steven P. and Zadissa, Amonida and Birney, Ewan and Harrow, Jennifer and Muffato, Matthieu and Perry, Emily and Ruffier, Magali and Spudich, Giulietta and Trevanion, Stephen J. and Cunningham, Fiona and Aken, Bronwen L. and Zerbino, Daniel R. and Flicek, Paul},
year = {2016},
title = {Ensembl 2016.},
journal = {Nucleic acids research},
volume = {44},
number = {D1},
pages = {D710--6},
doi = {10.1093/nar/gkv1157}
}
@article{Yim2010,
author = {Yim, Jae-Joon and Selvaraj, Paramasivam},
year = {2010},
title = {Genetic susceptibility in tuberculosis.},
journal = {Respirology (Carlton, Vic.)},
volume = {15},
number = {2},
pages = {241--56},
doi = {10.1111/j.1440-1843.2009.01690.x}
}
@article{Zeileis2005,
author = {Zeileis, A. and Grothendieck, G.},
year = {2005},
title = {zoo: S3 Infrastructure for Regular and Irregular Time Series.},
journal = {Journal of Statistical Software},
volume = {14},
number = {6},
pages = {1-27},
doi = {10.18637/jss.v014.i06}
}
@article{Zhu2006,
author = {Zhu, Xing Wu and Friedland, Jon S},
year = {2006},
title = {Multinucleate giant cells and the control of chemokine secretion in response to Mycobacterium tuberculosis.},
journal = {Clinical immunology (Orlando, Fla.)},
volume = {120},
number = {1},
pages = {10--20},
doi = {10.1016/j.clim.2006.01.009}
}
@article{Zodpey2007,
author = {Zodpey, Sanjay P and Shrikhande, Sunanda N},
year = {2007},
title = {The geographic location (latitude) of studies evaluating protective effect of BCG vaccine and it's efficacy/effectiveness against tuberculosis.},
journal = {Indian journal of public health},
volume = {51},
number = {4},
pages = {205--10},
doi = {}
}
@misc{umitools,
author = {{Joe Brown and
Jay Hesselberth and
John Blischak}},
year = {2015},
title = {umitools v2.1.1},
journal = {},
volume = {},
number = {},
pages = {},
doi = {10.5281/zenodo.34933}
}
